
  <record>
    <leader>01000aam  22002601a 4500</leader>
    <controlfield tag="001">YPZ3545</controlfield>
    <controlfield tag="003">YPZ</controlfield>
    <controlfield tag="005">200503210000000</controlfield>
    <controlfield tag="008">050321|###########||||||b||||||||||spa|d</controlfield>
    <datafield tag="020" ind1=" " ind2=" ">
      <subfield code="a">9506180334</subfield>
    </datafield>
    <datafield tag="040" ind1=" " ind2=" ">
      <subfield code="c">SIUNPA</subfield>
    </datafield>
    <datafield tag="041" ind1=" " ind2=" ">
      <subfield code="a">spa</subfield>
    </datafield>
    <datafield tag="044" ind1=" " ind2=" ">
      <subfield code="a">AR</subfield>
    </datafield>
    <datafield tag="080" ind1=" " ind2=" ">
      <subfield code="a">159.97 B615v5</subfield>
    </datafield>
    <datafield tag="100" ind1=" " ind2=" ">
      <subfield code="a">Bion, W.R..</subfield>
    </datafield>
    <datafield tag="245" ind1=" " ind2=" ">
      <subfield code="a">Volviendo a pensar</subfield>
      <subfield code="c"> / Wagner, Daniel R., versión castellana</subfield>
    </datafield>
    <datafield tag="250" ind1=" " ind2=" ">
      <subfield code="a">5a ed.</subfield>
    </datafield>
    <datafield tag="260" ind1=" " ind2=" ">
      <subfield code="a">Buenos Aires</subfield>
      <subfield code="b"> : Hormé</subfield>
      <subfield code="c"> , 1996</subfield>
    </datafield>
    <datafield tag="300" ind1=" " ind2=" ">
      <subfield code="a">239 p. : </subfield>
      <subfield code="a">225 p. : </subfield>
    </datafield>
    <datafield tag="440" ind1=" " ind2=" ">
      <subfield code="a">Colección Freud-Lacan</subfield>
      <subfield code="a">Psicología contemporánea</subfield>
      <subfield code="a">Colección Psicología contemporánea</subfield>
      <subfield code="a">Colección claves</subfield>
      <subfield code="a">Colección claves</subfield>
      <subfield code="a">Psicología contemporánea</subfield>
      <subfield code="a">Colección Freud-Lacan. Niñez y adolescencia</subfield>
      <subfield code="a">Colección claves. Serie mayor</subfield>
      <subfield code="a">Colección Psicología contemporánea</subfield>
      <subfield code="a">Colección Freud-Lacan</subfield>
      <subfield code="a">Colección claves</subfield>
      <subfield code="a">Colección Psicología contemporánea</subfield>
      <subfield code="a">Colección Psicología contemporánea</subfield>
      <subfield code="a">Colección claves</subfield>
      <subfield code="a">Colección cultura y sociedad</subfield>
      <subfield code="a">Colección Psicología contemporánea</subfield>
      <subfield code="a">Colección cultura y sociedad</subfield>
      <subfield code="a">Grandes obras del Psicoanálisis</subfield>
      <subfield code="v">v. 8</subfield>
    </datafield>
    <datafield tag="490" ind1=" " ind2=" ">
      <subfield code="a">Colección Freud-Lacan</subfield>
      <subfield code="a">Psicología contemporánea</subfield>
      <subfield code="a">Colección Psicología contemporánea</subfield>
      <subfield code="a">Colección claves</subfield>
      <subfield code="a">Colección claves</subfield>
      <subfield code="a">Psicología contemporánea</subfield>
      <subfield code="a">Colección Freud-Lacan. Niñez y adolescencia</subfield>
      <subfield code="a">Colección claves. Serie mayor</subfield>
      <subfield code="a">Colección Psicología contemporánea</subfield>
      <subfield code="a">Colección Freud-Lacan</subfield>
      <subfield code="a">Colección claves</subfield>
      <subfield code="a">Colección Psicología contemporánea</subfield>
      <subfield code="a">Colección Psicología contemporánea</subfield>
      <subfield code="a">Colección claves</subfield>
      <subfield code="a">Colección cultura y sociedad</subfield>
      <subfield code="a">Colección Psicología contemporánea</subfield>
      <subfield code="a">Colección cultura y sociedad</subfield>
      <subfield code="a">Grandes obras del Psicoanálisis</subfield>
      <subfield code="v">v. 8</subfield>
    </datafield>
    <datafield tag="650" ind1=" " ind2=" ">
      <subfield code="a"> ESQUIZOFRENIA</subfield>
    </datafield>
    <datafield tag="650" ind1=" " ind2=" ">
      <subfield code="a"> ALUCINACIONES</subfield>
    </datafield>
    <datafield tag="650" ind1=" " ind2=" ">
      <subfield code="a"> TEORIA PSICOANALITICA</subfield>
    </datafield>
    <datafield tag="650" ind1=" " ind2=" ">
      <subfield code="a"> PSICOSIS</subfield>
    </datafield>
    <datafield tag="650" ind1=" " ind2=" ">
      <subfield code="a"> PSICOANALISIS</subfield>
    </datafield>
    <datafield tag="942" ind1=" " ind2=" ">
      <subfield code="c">BK</subfield>
    </datafield>
    <datafield tag="952" ind1=" " ind2=" ">
      <subfield code="a">BIB_RECT</subfield>
      <subfield code="b">BIB_UACO</subfield>
      <subfield code="d">2005-08-23</subfield>
      <subfield code="y">BK</subfield>
      <subfield code="p">02-27255</subfield>
      <subfield code="i">02-27255</subfield>
      <subfield code="g">16</subfield>
      <subfield code="o">159.97 B615v5</subfield>
      <subfield code="e">UACO</subfield>
      <subfield code="8">CG</subfield>
    </datafield>
  </record>