
  <record>
    <leader>01000aam  22002601a 4500</leader>
    <controlfield tag="001">YPZ3574</controlfield>
    <controlfield tag="003">YPZ</controlfield>
    <controlfield tag="005">200404290000000</controlfield>
    <controlfield tag="008">040429|###########||||||b||||||||||spa|d</controlfield>
    <datafield tag="020" ind1=" " ind2=" ">
      <subfield code="a">9506580707</subfield>
    </datafield>
    <datafield tag="040" ind1=" " ind2=" ">
      <subfield code="c">SIUNPA</subfield>
    </datafield>
    <datafield tag="041" ind1=" " ind2=" ">
      <subfield code="a">spa</subfield>
    </datafield>
    <datafield tag="044" ind1=" " ind2=" ">
      <subfield code="a">AR</subfield>
    </datafield>
    <datafield tag="080" ind1=" " ind2=" ">
      <subfield code="a">502.8:902 E565a</subfield>
    </datafield>
    <datafield tag="100" ind1=" " ind2=" ">
      <subfield code="a">Endere, María Luz.</subfield>
    </datafield>
    <datafield tag="245" ind1=" " ind2=" ">
      <subfield code="a">Arqueología y legislación en Argentina</subfield>
      <subfield code="b"> : cómo proteger el patrimonio arqueológico</subfield>
    </datafield>
    <datafield tag="260" ind1=" " ind2=" ">
      <subfield code="a">Buenos Aires</subfield>
      <subfield code="b"> : INCUAPA, Universidad Nacional del Centro de la Provincia de Buenos Aires</subfield>
      <subfield code="c"> , 2000</subfield>
    </datafield>
    <datafield tag="300" ind1=" " ind2=" ">
      <subfield code="a">216 p. : </subfield>
    </datafield>
    <datafield tag="440" ind1=" " ind2=" ">
      <subfield code="a">Colección cuadernos / Granica</subfield>
      <subfield code="a">Management</subfield>
      <subfield code="a">Management</subfield>
      <subfield code="a">Nuevas perspectivas en educación</subfield>
      <subfield code="a">Futuro</subfield>
      <subfield code="a">Saberes básicos para la universidad</subfield>
      <subfield code="a">Nuevas perspectivas en educación</subfield>
      <subfield code="a">Management</subfield>
      <subfield code="a">Serie Monográfica / INCUAPA</subfield>
      <subfield code="v">1</subfield>
    </datafield>
    <datafield tag="490" ind1=" " ind2=" ">
      <subfield code="a">Colección cuadernos / Granica</subfield>
      <subfield code="a">Management</subfield>
      <subfield code="a">Management</subfield>
      <subfield code="a">Nuevas perspectivas en educación</subfield>
      <subfield code="a">Futuro</subfield>
      <subfield code="a">Saberes básicos para la universidad</subfield>
      <subfield code="a">Nuevas perspectivas en educación</subfield>
      <subfield code="a">Management</subfield>
      <subfield code="a">Serie Monográfica / INCUAPA</subfield>
      <subfield code="v">1</subfield>
    </datafield>
    <datafield tag="650" ind1=" " ind2=" ">
      <subfield code="a"> ARQUEOLOGIA</subfield>
    </datafield>
    <datafield tag="650" ind1=" " ind2=" ">
      <subfield code="a"> CONSERVACION DEL PATRIMONIO</subfield>
    </datafield>
    <datafield tag="650" ind1=" " ind2=" ">
      <subfield code="a"> PATRIMONIO CULTURAL</subfield>
    </datafield>
    <datafield tag="650" ind1=" " ind2=" ">
      <subfield code="a"> LEGISLACION</subfield>
    </datafield>
    <datafield tag="650" ind1=" " ind2=" ">
      <subfield code="a"> ARGENTINA</subfield>
    </datafield>
    <datafield tag="942" ind1=" " ind2=" ">
      <subfield code="c">BK</subfield>
    </datafield>
    <datafield tag="952" ind1=" " ind2=" ">
      <subfield code="a">BIB_RECT</subfield>
      <subfield code="b">BIB_UARG</subfield>
      <subfield code="d">2005-08-23</subfield>
      <subfield code="y">BK</subfield>
      <subfield code="p">05-20408</subfield>
      <subfield code="i">05-20408</subfield>
      <subfield code="g">25</subfield>
      <subfield code="o">502.8:902 E565a</subfield>
      <subfield code="e">Donación autor</subfield>
      <subfield code="8">CG</subfield>
    </datafield>
    <datafield tag="952" ind1=" " ind2=" ">
      <subfield code="a">BIB_RECT</subfield>
      <subfield code="b">BIB_UARG</subfield>
      <subfield code="d">2005-08-23</subfield>
      <subfield code="y">BK</subfield>
      <subfield code="p">05-21470</subfield>
      <subfield code="i">05-21470</subfield>
      <subfield code="g">25</subfield>
      <subfield code="o">502.8:902 E565a</subfield>
      <subfield code="e">Donación autor</subfield>
      <subfield code="8">CG</subfield>
    </datafield>
  </record>