
  <record>
    <leader>01000aam  22002601a 4500</leader>
    <controlfield tag="001">YPZ3688</controlfield>
    <controlfield tag="003">YPZ</controlfield>
    <controlfield tag="005">200503220000000</controlfield>
    <controlfield tag="008">050322|###########||||||b||||||||||spa|d</controlfield>
    <datafield tag="020" ind1=" " ind2=" ">
      <subfield code="a">95071810322</subfield>
    </datafield>
    <datafield tag="040" ind1=" " ind2=" ">
      <subfield code="c">SIUNPA</subfield>
    </datafield>
    <datafield tag="041" ind1=" " ind2=" ">
      <subfield code="a">spa</subfield>
    </datafield>
    <datafield tag="044" ind1=" " ind2=" ">
      <subfield code="a">AR</subfield>
    </datafield>
    <datafield tag="080" ind1=" " ind2=" ">
      <subfield code="a">32 G215e</subfield>
    </datafield>
    <datafield tag="100" ind1=" " ind2=" ">
      <subfield code="a">García Delgado, Daniel R..</subfield>
    </datafield>
    <datafield tag="245" ind1=" " ind2=" ">
      <subfield code="a">Estado y sociedad</subfield>
      <subfield code="b"> : la nueva relación a partir del cambio estructural</subfield>
    </datafield>
    <datafield tag="250" ind1=" " ind2=" ">
      <subfield code="a">1a ed., 4a reimpr.</subfield>
    </datafield>
    <datafield tag="260" ind1=" " ind2=" ">
      <subfield code="a">Buenos Aires</subfield>
      <subfield code="b"> : Norma</subfield>
      <subfield code="c"> , 2001</subfield>
    </datafield>
    <datafield tag="500" ind1=" " ind2=" ">
      <subfield code="a">El año de reimpresión varía según el ejemplar</subfield>
    </datafield>
    <datafield tag="650" ind1=" " ind2=" ">
      <subfield code="a"> ESTADO  MOVIMIENTO SOCIAL</subfield>
    </datafield>
    <datafield tag="650" ind1=" " ind2=" ">
      <subfield code="a"> TEORIA DEL ESTADO </subfield>
    </datafield>
    <datafield tag="650" ind1=" " ind2=" ">
      <subfield code="a"> COMPORTAMIENTO SOCIAL</subfield>
    </datafield>
    <datafield tag="650" ind1=" " ind2=" ">
      <subfield code="a"> SISTEMA SOCIAL </subfield>
    </datafield>
    <datafield tag="650" ind1=" " ind2=" ">
      <subfield code="a"> SIGLO XX</subfield>
    </datafield>
    <datafield tag="650" ind1=" " ind2=" ">
      <subfield code="a"> CAMBIO SOCIAL</subfield>
    </datafield>
    <datafield tag="650" ind1=" " ind2=" ">
      <subfield code="a"> GLOBALIZACION</subfield>
    </datafield>
    <datafield tag="942" ind1=" " ind2=" ">
      <subfield code="c">BK</subfield>
    </datafield>
    <datafield tag="952" ind1=" " ind2=" ">
      <subfield code="a">BIB_RECT</subfield>
      <subfield code="b">BIB_UART</subfield>
      <subfield code="d">2006-11-10</subfield>
      <subfield code="y">BK</subfield>
      <subfield code="p">03-00433</subfield>
      <subfield code="i">03-00433</subfield>
      <subfield code="g">48</subfield>
      <subfield code="o">32 G215e</subfield>
      <subfield code="e">MigracionUART</subfield>
      <subfield code="8">CG</subfield>
    </datafield>
    <datafield tag="952" ind1=" " ind2=" ">
      <subfield code="a">BIB_RECT</subfield>
      <subfield code="b">BIB_UART</subfield>
      <subfield code="d">2006-11-10</subfield>
      <subfield code="y">BK</subfield>
      <subfield code="p">03-00434</subfield>
      <subfield code="i">03-00434</subfield>
      <subfield code="g">48</subfield>
      <subfield code="o">32 G215e</subfield>
      <subfield code="e">MigracionUART</subfield>
      <subfield code="8">CG</subfield>
    </datafield>
    <datafield tag="952" ind1=" " ind2=" ">
      <subfield code="a">BIB_RECT</subfield>
      <subfield code="b">BIB_UART</subfield>
      <subfield code="d">2006-11-10</subfield>
      <subfield code="y">BK</subfield>
      <subfield code="p">03-00436</subfield>
      <subfield code="i">03-00436</subfield>
      <subfield code="g">48</subfield>
      <subfield code="o">32 G215e</subfield>
      <subfield code="e">MigracionUART</subfield>
      <subfield code="8">CG</subfield>
    </datafield>
    <datafield tag="952" ind1=" " ind2=" ">
      <subfield code="a">BIB_RECT</subfield>
      <subfield code="b">BIB_UART</subfield>
      <subfield code="d">2006-11-10</subfield>
      <subfield code="y">BK</subfield>
      <subfield code="p">03-00437</subfield>
      <subfield code="i">03-00437</subfield>
      <subfield code="g">48</subfield>
      <subfield code="o">32 G215e</subfield>
      <subfield code="e">MigracionUART</subfield>
      <subfield code="8">CG</subfield>
    </datafield>
    <datafield tag="952" ind1=" " ind2=" ">
      <subfield code="a">BIB_RECT</subfield>
      <subfield code="b">BIB_UART</subfield>
      <subfield code="d">2006-11-10</subfield>
      <subfield code="y">BK</subfield>
      <subfield code="p">03-00438</subfield>
      <subfield code="i">03-00438</subfield>
      <subfield code="g">48</subfield>
      <subfield code="o">32 G215e</subfield>
      <subfield code="e">MigracionUART</subfield>
      <subfield code="8">CG</subfield>
    </datafield>
    <datafield tag="952" ind1=" " ind2=" ">
      <subfield code="a">BIB_RECT</subfield>
      <subfield code="b">BIB_UASJ</subfield>
      <subfield code="d">2006-10-11</subfield>
      <subfield code="y">BK</subfield>
      <subfield code="p">04-01149</subfield>
      <subfield code="i">04-01149</subfield>
      <subfield code="g">48</subfield>
      <subfield code="o">32 G215e</subfield>
      <subfield code="e">MigracionUASJ</subfield>
      <subfield code="8">CG</subfield>
    </datafield>
    <datafield tag="952" ind1=" " ind2=" ">
      <subfield code="a">BIB_RECT</subfield>
      <subfield code="b">BIB_UARG</subfield>
      <subfield code="d">2005-08-23</subfield>
      <subfield code="y">BK</subfield>
      <subfield code="p">05-10007</subfield>
      <subfield code="i">05-10007</subfield>
      <subfield code="g">23</subfield>
      <subfield code="o">32 G215e</subfield>
      <subfield code="e">FOMEC 585</subfield>
      <subfield code="8">CG</subfield>
    </datafield>
    <datafield tag="952" ind1=" " ind2=" ">
      <subfield code="a">BIB_RECT</subfield>
      <subfield code="b">BIB_UARG</subfield>
      <subfield code="d">2005-08-23</subfield>
      <subfield code="y">BK</subfield>
      <subfield code="p">05-14753</subfield>
      <subfield code="i">05-14753</subfield>
      <subfield code="g">23</subfield>
      <subfield code="o">32 G215e</subfield>
      <subfield code="e">FOMEC 585</subfield>
      <subfield code="8">CG</subfield>
    </datafield>
    <datafield tag="952" ind1=" " ind2=" ">
      <subfield code="a">BIB_RECT</subfield>
      <subfield code="b">BIB_UARG</subfield>
      <subfield code="d">2005-08-23</subfield>
      <subfield code="y">BK</subfield>
      <subfield code="p">05-14754</subfield>
      <subfield code="i">05-14754</subfield>
      <subfield code="g">23</subfield>
      <subfield code="o">32 G215e</subfield>
      <subfield code="e">FOMEC 585</subfield>
      <subfield code="8">CG</subfield>
    </datafield>
    <datafield tag="952" ind1=" " ind2=" ">
      <subfield code="a">BIB_RECT</subfield>
      <subfield code="b">BIB_UARG</subfield>
      <subfield code="d">2005-08-23</subfield>
      <subfield code="y">BK</subfield>
      <subfield code="p">05-14982</subfield>
      <subfield code="i">05-14982</subfield>
      <subfield code="g">23</subfield>
      <subfield code="o">32 G215e</subfield>
      <subfield code="e">FOMEC 585</subfield>
      <subfield code="8">CG</subfield>
    </datafield>
    <datafield tag="952" ind1=" " ind2=" ">
      <subfield code="a">BIB_RECT</subfield>
      <subfield code="b">BIB_UARG</subfield>
      <subfield code="d">2005-08-23</subfield>
      <subfield code="y">BK</subfield>
      <subfield code="p">05-14983</subfield>
      <subfield code="i">05-14983</subfield>
      <subfield code="g">23</subfield>
      <subfield code="o">32 G215e</subfield>
      <subfield code="e">FOMEC 585</subfield>
      <subfield code="8">CG</subfield>
    </datafield>
    <datafield tag="952" ind1=" " ind2=" ">
      <subfield code="a">BIB_RECT</subfield>
      <subfield code="b">BIB_UARG</subfield>
      <subfield code="d">2005-08-23</subfield>
      <subfield code="y">BK</subfield>
      <subfield code="p">05-14984</subfield>
      <subfield code="i">05-14984</subfield>
      <subfield code="g">23</subfield>
      <subfield code="o">32 G215e</subfield>
      <subfield code="e">Pi29/A066</subfield>
      <subfield code="8">CG</subfield>
    </datafield>
    <datafield tag="952" ind1=" " ind2=" ">
      <subfield code="a">BIB_RECT</subfield>
      <subfield code="b">BIB_UARG</subfield>
      <subfield code="d">2005-08-23</subfield>
      <subfield code="y">BK</subfield>
      <subfield code="p">05-27289</subfield>
      <subfield code="i">05-27289</subfield>
      <subfield code="g">23</subfield>
      <subfield code="o">32 G215e</subfield>
      <subfield code="e">Proyecto de investig</subfield>
      <subfield code="8">CG</subfield>
    </datafield>
    <datafield tag="952" ind1=" " ind2=" ">
      <subfield code="a">BIB_RECT</subfield>
      <subfield code="b">SAT_PBNA</subfield>
      <subfield code="d">2005-08-23</subfield>
      <subfield code="y">BK</subfield>
      <subfield code="p">11-20100</subfield>
      <subfield code="i">11-20100</subfield>
      <subfield code="g">26</subfield>
      <subfield code="o">32 G215e</subfield>
      <subfield code="e">SIUNPA</subfield>
      <subfield code="8">CG</subfield>
    </datafield>
    <datafield tag="952" ind1=" " ind2=" ">
      <subfield code="a">BIB_RECT</subfield>
      <subfield code="b">SAT_PBNA</subfield>
      <subfield code="d">2005-08-23</subfield>
      <subfield code="y">BK</subfield>
      <subfield code="p">11-20101</subfield>
      <subfield code="i">11-20101</subfield>
      <subfield code="g">26</subfield>
      <subfield code="o">32 G215e</subfield>
      <subfield code="e">SIUNPA</subfield>
      <subfield code="8">CG</subfield>
    </datafield>
    <datafield tag="952" ind1=" " ind2=" ">
      <subfield code="a">BIB_RECT</subfield>
      <subfield code="b">SAT_PBNA</subfield>
      <subfield code="d">2005-08-23</subfield>
      <subfield code="y">BK</subfield>
      <subfield code="p">11-20102</subfield>
      <subfield code="i">11-20102</subfield>
      <subfield code="g">26</subfield>
      <subfield code="o">32 G215e</subfield>
      <subfield code="e">SIUNPA</subfield>
      <subfield code="8">CG</subfield>
    </datafield>
    <datafield tag="952" ind1=" " ind2=" ">
      <subfield code="a">BIB_RECT</subfield>
      <subfield code="b">SAT_PBNA</subfield>
      <subfield code="d">2005-08-23</subfield>
      <subfield code="y">BK</subfield>
      <subfield code="p">11-20103</subfield>
      <subfield code="i">11-20103</subfield>
      <subfield code="g">26</subfield>
      <subfield code="o">32 G215e</subfield>
      <subfield code="e">SIUNPA</subfield>
      <subfield code="8">CG</subfield>
    </datafield>
    <datafield tag="952" ind1=" " ind2=" ">
      <subfield code="a">BIB_RECT</subfield>
      <subfield code="b">SAT_CLFT</subfield>
      <subfield code="d">2005-08-23</subfield>
      <subfield code="y">BK</subfield>
      <subfield code="p">12-23425</subfield>
      <subfield code="i">12-23425</subfield>
      <subfield code="g">23</subfield>
      <subfield code="o">32 G215e</subfield>
      <subfield code="e">SIUNPA</subfield>
      <subfield code="8">CG</subfield>
    </datafield>
  </record>