
  <record>
    <leader>01000aam  22002601a 4500</leader>
    <controlfield tag="001">YPZ3696</controlfield>
    <controlfield tag="003">YPZ</controlfield>
    <controlfield tag="005">200410010000000</controlfield>
    <controlfield tag="008">041001|###########||||||b||||||||||spa|d</controlfield>
    <datafield tag="020" ind1=" " ind2=" ">
      <subfield code="a">9507247521</subfield>
    </datafield>
    <datafield tag="040" ind1=" " ind2=" ">
      <subfield code="c">SIUNPA</subfield>
    </datafield>
    <datafield tag="041" ind1=" " ind2=" ">
      <subfield code="a">spa</subfield>
    </datafield>
    <datafield tag="044" ind1=" " ind2=" ">
      <subfield code="a">AR</subfield>
    </datafield>
    <datafield tag="080" ind1=" " ind2=" ">
      <subfield code="a">159.964.28 C641c</subfield>
    </datafield>
    <datafield tag="100" ind1=" " ind2=" ">
      <subfield code="a">Cecchi, Veleda.</subfield>
    </datafield>
    <datafield tag="700" ind1=" " ind2=" ">
      <subfield code="a">Goijman, Leonardo.</subfield>
    </datafield>
    <datafield tag="700" ind1=" " ind2=" ">
      <subfield code="a">Kancyper, Luis.</subfield>
    </datafield>
    <datafield tag="700" ind1=" " ind2=" ">
      <subfield code="a">Rozenbaum de Schvartzman, Ana.</subfield>
    </datafield>
    <datafield tag="700" ind1=" " ind2=" ">
      <subfield code="a">Smola, Arnaldo.</subfield>
    </datafield>
    <datafield tag="700" ind1=" " ind2=" ">
      <subfield code="a">Urribarri, Rodolfo.</subfield>
    </datafield>
    <datafield tag="245" ind1=" " ind2=" ">
      <subfield code="a">Clínica psicoanalítica de niños y adolescentes</subfield>
      <subfield code="c"> / Goijman, Leonardo, comp. ; Kancyper, Luis, comp.</subfield>
    </datafield>
    <datafield tag="260" ind1=" " ind2=" ">
      <subfield code="a">Buenos Aires</subfield>
      <subfield code="b"> : Lumen</subfield>
      <subfield code="c"> , 1998</subfield>
    </datafield>
    <datafield tag="300" ind1=" " ind2=" ">
      <subfield code="a">579 p. : </subfield>
      <subfield code="a">317 p. : </subfield>
    </datafield>
    <datafield tag="440" ind1=" " ind2=" ">
      <subfield code="a">Colección Estudios Internacionales</subfield>
      <subfield code="a">Colección Estudios Internacionales</subfield>
      <subfield code="a">Cuadernos Aique Rei IDEAS</subfield>
      <subfield code="a">Aique didáctica</subfield>
      <subfield code="a">Estrategias de aula</subfield>
      <subfield code="a">Cuadernos Aique Rei IDEAS</subfield>
      <subfield code="a">Aique didáctica</subfield>
      <subfield code="a">Colección cuadernos Aique - Rei - Ideas</subfield>
      <subfield code="a">Estrategias de aula</subfield>
      <subfield code="a">Aique didáctica</subfield>
      <subfield code="a">Estrategias de aula</subfield>
      <subfield code="a">Estrategias de aula</subfield>
      <subfield code="a">Serie de la palabra</subfield>
      <subfield code="a">Didáctica</subfield>
      <subfield code="a">Aportes a la educación inicial</subfield>
      <subfield code="a">Aportes a la educación inicial</subfield>
      <subfield code="a">Aportes a la educación inicial</subfield>
      <subfield code="a">Colección cuadernos. Educación</subfield>
      <subfield code="a">Cuadernos Aique - Rei - IDEAS</subfield>
      <subfield code="a">Aportes a la educación inicial</subfield>
      <subfield code="a">Cuadernos Aique - Rei - IDEAS</subfield>
      <subfield code="a">Serie de la palabra</subfield>
      <subfield code="a">Transversal</subfield>
      <subfield code="a">Transformación</subfield>
      <subfield code="a">Aique didáctica</subfield>
      <subfield code="a">Transversal</subfield>
      <subfield code="a">Colección cuadernos Aique - Rei - Ideas</subfield>
      <subfield code="a">Aique didáctica</subfield>
      <subfield code="a">Transformación</subfield>
      <subfield code="a">Transformación</subfield>
      <subfield code="a">Aportes a la educación inicial</subfield>
      <subfield code="a">Psicología cognitiva y educación</subfield>
      <subfield code="a">Transformación</subfield>
      <subfield code="a">Aportes a la educación inicial</subfield>
      <subfield code="a">Transformación</subfield>
      <subfield code="a">Ciencia + docencia</subfield>
      <subfield code="a">Gestión / Aique</subfield>
      <subfield code="a">Psicología cognitiva y educación</subfield>
      <subfield code="a">Aportes para la educación inicial</subfield>
      <subfield code="a">Psicología cognitiva y educación</subfield>
      <subfield code="a">Estrategias de aula</subfield>
      <subfield code="a">3er. Ciclo E.G.B.</subfield>
      <subfield code="a">Geografía</subfield>
      <subfield code="a">Sociedades y territorios en cambio</subfield>
      <subfield code="a">3er. Ciclo E.G.B.</subfield>
      <subfield code="a">3er. Ciclo E.G.B.</subfield>
      <subfield code="a">Sociedades y territorios en cambio</subfield>
      <subfield code="a">Sociedades y territorios en cambio</subfield>
      <subfield code="a">Sociedades y territorios en cambio</subfield>
      <subfield code="a">Serie de la palabra</subfield>
      <subfield code="a">Carrera docente</subfield>
      <subfield code="a">Psicología cognitiva y educación</subfield>
      <subfield code="a">Psicología cognitiva y educación</subfield>
      <subfield code="a">Transformación</subfield>
      <subfield code="a">Carrera docente</subfield>
      <subfield code="a">Carrera docente</subfield>
      <subfield code="a">Psicología cognitiva y educación</subfield>
      <subfield code="a">Aique polimodal</subfield>
      <subfield code="a">Carrera docente</subfield>
      <subfield code="a">Aique didáctica</subfield>
      <subfield code="a">Psicología cognitiva y educación</subfield>
      <subfield code="a">Psicología cognitiva y educación</subfield>
      <subfield code="a">Estrategias de aula</subfield>
      <subfield code="a">Carrera docente</subfield>
      <subfield code="a">Carrera docente</subfield>
      <subfield code="a">Carrera docente</subfield>
      <subfield code="a">Psicología cognitiva y educación</subfield>
      <subfield code="a">Serie puntos cardinales</subfield>
      <subfield code="a">Serie puntos cardinales</subfield>
      <subfield code="a">Serie puntos cardinales</subfield>
      <subfield code="a">Sociedades y territorios en cambio</subfield>
      <subfield code="a">Sociedades y territorios en cambio</subfield>
      <subfield code="a">Sociedades y territorios en cambio</subfield>
      <subfield code="a">Aique polimodal</subfield>
      <subfield code="a">Colección libros y +</subfield>
      <subfield code="a">Aique didáctica</subfield>
      <subfield code="a">Carrera docente</subfield>
      <subfield code="a">Colección las mil y una</subfield>
      <subfield code="a">Colección las mil y una</subfield>
      <subfield code="a">Colección las mil y una</subfield>
      <subfield code="a">Colección las mil y una</subfield>
      <subfield code="a">Colección las mil y una</subfield>
      <subfield code="a">Colección las mil y una</subfield>
      <subfield code="a">Colección política, servicios y trabajo social</subfield>
      <subfield code="a">Colección política, servicios y trabajo social</subfield>
      <subfield code="a">Colección política, servicios y trabajo social</subfield>
      <subfield code="a">Colección política, servicios y trabajo social</subfield>
      <subfield code="a">Colección Psicología integrativa, perspectivista, interdisciplinaria</subfield>
      <subfield code="v">25/10/2004</subfield>
    </datafield>
    <datafield tag="490" ind1=" " ind2=" ">
      <subfield code="a">Colección Estudios Internacionales</subfield>
      <subfield code="a">Colección Estudios Internacionales</subfield>
      <subfield code="a">Cuadernos Aique Rei IDEAS</subfield>
      <subfield code="a">Aique didáctica</subfield>
      <subfield code="a">Estrategias de aula</subfield>
      <subfield code="a">Cuadernos Aique Rei IDEAS</subfield>
      <subfield code="a">Aique didáctica</subfield>
      <subfield code="a">Colección cuadernos Aique - Rei - Ideas</subfield>
      <subfield code="a">Estrategias de aula</subfield>
      <subfield code="a">Aique didáctica</subfield>
      <subfield code="a">Estrategias de aula</subfield>
      <subfield code="a">Estrategias de aula</subfield>
      <subfield code="a">Serie de la palabra</subfield>
      <subfield code="a">Didáctica</subfield>
      <subfield code="a">Aportes a la educación inicial</subfield>
      <subfield code="a">Aportes a la educación inicial</subfield>
      <subfield code="a">Aportes a la educación inicial</subfield>
      <subfield code="a">Colección cuadernos. Educación</subfield>
      <subfield code="a">Cuadernos Aique - Rei - IDEAS</subfield>
      <subfield code="a">Aportes a la educación inicial</subfield>
      <subfield code="a">Cuadernos Aique - Rei - IDEAS</subfield>
      <subfield code="a">Serie de la palabra</subfield>
      <subfield code="a">Transversal</subfield>
      <subfield code="a">Transformación</subfield>
      <subfield code="a">Aique didáctica</subfield>
      <subfield code="a">Transversal</subfield>
      <subfield code="a">Colección cuadernos Aique - Rei - Ideas</subfield>
      <subfield code="a">Aique didáctica</subfield>
      <subfield code="a">Transformación</subfield>
      <subfield code="a">Transformación</subfield>
      <subfield code="a">Aportes a la educación inicial</subfield>
      <subfield code="a">Psicología cognitiva y educación</subfield>
      <subfield code="a">Transformación</subfield>
      <subfield code="a">Aportes a la educación inicial</subfield>
      <subfield code="a">Transformación</subfield>
      <subfield code="a">Ciencia + docencia</subfield>
      <subfield code="a">Gestión / Aique</subfield>
      <subfield code="a">Psicología cognitiva y educación</subfield>
      <subfield code="a">Aportes para la educación inicial</subfield>
      <subfield code="a">Psicología cognitiva y educación</subfield>
      <subfield code="a">Estrategias de aula</subfield>
      <subfield code="a">3er. Ciclo E.G.B.</subfield>
      <subfield code="a">Geografía</subfield>
      <subfield code="a">Sociedades y territorios en cambio</subfield>
      <subfield code="a">3er. Ciclo E.G.B.</subfield>
      <subfield code="a">3er. Ciclo E.G.B.</subfield>
      <subfield code="a">Sociedades y territorios en cambio</subfield>
      <subfield code="a">Sociedades y territorios en cambio</subfield>
      <subfield code="a">Sociedades y territorios en cambio</subfield>
      <subfield code="a">Serie de la palabra</subfield>
      <subfield code="a">Carrera docente</subfield>
      <subfield code="a">Psicología cognitiva y educación</subfield>
      <subfield code="a">Psicología cognitiva y educación</subfield>
      <subfield code="a">Transformación</subfield>
      <subfield code="a">Carrera docente</subfield>
      <subfield code="a">Carrera docente</subfield>
      <subfield code="a">Psicología cognitiva y educación</subfield>
      <subfield code="a">Aique polimodal</subfield>
      <subfield code="a">Carrera docente</subfield>
      <subfield code="a">Aique didáctica</subfield>
      <subfield code="a">Psicología cognitiva y educación</subfield>
      <subfield code="a">Psicología cognitiva y educación</subfield>
      <subfield code="a">Estrategias de aula</subfield>
      <subfield code="a">Carrera docente</subfield>
      <subfield code="a">Carrera docente</subfield>
      <subfield code="a">Carrera docente</subfield>
      <subfield code="a">Psicología cognitiva y educación</subfield>
      <subfield code="a">Serie puntos cardinales</subfield>
      <subfield code="a">Serie puntos cardinales</subfield>
      <subfield code="a">Serie puntos cardinales</subfield>
      <subfield code="a">Sociedades y territorios en cambio</subfield>
      <subfield code="a">Sociedades y territorios en cambio</subfield>
      <subfield code="a">Sociedades y territorios en cambio</subfield>
      <subfield code="a">Aique polimodal</subfield>
      <subfield code="a">Colección libros y +</subfield>
      <subfield code="a">Aique didáctica</subfield>
      <subfield code="a">Carrera docente</subfield>
      <subfield code="a">Colección las mil y una</subfield>
      <subfield code="a">Colección las mil y una</subfield>
      <subfield code="a">Colección las mil y una</subfield>
      <subfield code="a">Colección las mil y una</subfield>
      <subfield code="a">Colección las mil y una</subfield>
      <subfield code="a">Colección las mil y una</subfield>
      <subfield code="a">Colección política, servicios y trabajo social</subfield>
      <subfield code="a">Colección política, servicios y trabajo social</subfield>
      <subfield code="a">Colección política, servicios y trabajo social</subfield>
      <subfield code="a">Colección política, servicios y trabajo social</subfield>
      <subfield code="a">Colección Psicología integrativa, perspectivista, interdisciplinaria</subfield>
      <subfield code="v">25/10/2004</subfield>
    </datafield>
    <datafield tag="650" ind1=" " ind2=" ">
      <subfield code="a"> PSICOANALISIS INFANTIL</subfield>
    </datafield>
    <datafield tag="650" ind1=" " ind2=" ">
      <subfield code="a"> PSICOLOGIA INFANTIL</subfield>
    </datafield>
    <datafield tag="650" ind1=" " ind2=" ">
      <subfield code="a"> PSICOLOGIA DE LA ADOLESCENCIA</subfield>
    </datafield>
    <datafield tag="942" ind1=" " ind2=" ">
      <subfield code="c">BK</subfield>
    </datafield>
    <datafield tag="952" ind1=" " ind2=" ">
      <subfield code="a">BIB_RECT</subfield>
      <subfield code="b">BIB_UARG</subfield>
      <subfield code="d">2005-08-23</subfield>
      <subfield code="y">BK</subfield>
      <subfield code="p">05-25699</subfield>
      <subfield code="i">05-25699</subfield>
      <subfield code="g">41.9</subfield>
      <subfield code="o">159.964.28 C641c</subfield>
      <subfield code="e">SIUNPA</subfield>
      <subfield code="8">CG</subfield>
    </datafield>
  </record>