
  <record>
    <leader>01000aam  22002601a 4500</leader>
    <controlfield tag="001">YPZ3716</controlfield>
    <controlfield tag="003">YPZ</controlfield>
    <controlfield tag="005">200503310000000</controlfield>
    <controlfield tag="008">050331|###########||||||b||||||||||spa|d</controlfield>
    <datafield tag="020" ind1=" " ind2=" ">
      <subfield code="a">9507510532</subfield>
    </datafield>
    <datafield tag="040" ind1=" " ind2=" ">
      <subfield code="c">SIUNPA</subfield>
    </datafield>
    <datafield tag="041" ind1=" " ind2=" ">
      <subfield code="a">spa</subfield>
    </datafield>
    <datafield tag="044" ind1=" " ind2=" ">
      <subfield code="a">AR</subfield>
    </datafield>
    <datafield tag="080" ind1=" " ind2=" ">
      <subfield code="a">821.134.2(729.1).09 F363j</subfield>
    </datafield>
    <datafield tag="100" ind1=" " ind2=" ">
      <subfield code="a">Fernández Retamar, Roberto.</subfield>
    </datafield>
    <datafield tag="245" ind1=" " ind2=" ">
      <subfield code="a">José Martí</subfield>
      <subfield code="b"> : la encarnación de un pueblo</subfield>
    </datafield>
    <datafield tag="260" ind1=" " ind2=" ">
      <subfield code="a">Buenos Aires</subfield>
      <subfield code="b"> : Almagesto</subfield>
      <subfield code="c"> , 1993</subfield>
    </datafield>
    <datafield tag="300" ind1=" " ind2=" ">
      <subfield code="a">77 p. : </subfield>
    </datafield>
    <datafield tag="440" ind1=" " ind2=" ">
      <subfield code="a">Colección Ciencias Sociales del trabajo</subfield>
      <subfield code="a">Colección minoridad y familia</subfield>
      <subfield code="a">Colección minoridad y familia</subfield>
      <subfield code="a">Seix Barral. Biblioteca Breve</subfield>
      <subfield code="a">Biblioteca breve</subfield>
      <subfield code="a">Educación hoy y mañana</subfield>
      <subfield code="a">Colección estudios políticos sociales</subfield>
      <subfield code="a">Biblioteca profesional y empresaria</subfield>
      <subfield code="a">Cuadernos de desarrollo profesional</subfield>
      <subfield code="a">Biblioteca profesional y empresaria</subfield>
      <subfield code="a">Biblioteca profesional y empresaria</subfield>
      <subfield code="a">Biblioteca del sur</subfield>
      <subfield code="a">Ensayo. Educación</subfield>
      <subfield code="a">Espejo de la Argentina</subfield>
      <subfield code="a">Colección autores españoles e hispanoamericanos</subfield>
      <subfield code="a">Colección perfiles</subfield>
      <subfield code="v">7</subfield>
    </datafield>
    <datafield tag="490" ind1=" " ind2=" ">
      <subfield code="a">Colección Ciencias Sociales del trabajo</subfield>
      <subfield code="a">Colección minoridad y familia</subfield>
      <subfield code="a">Colección minoridad y familia</subfield>
      <subfield code="a">Seix Barral. Biblioteca Breve</subfield>
      <subfield code="a">Biblioteca breve</subfield>
      <subfield code="a">Educación hoy y mañana</subfield>
      <subfield code="a">Colección estudios políticos sociales</subfield>
      <subfield code="a">Biblioteca profesional y empresaria</subfield>
      <subfield code="a">Cuadernos de desarrollo profesional</subfield>
      <subfield code="a">Biblioteca profesional y empresaria</subfield>
      <subfield code="a">Biblioteca profesional y empresaria</subfield>
      <subfield code="a">Biblioteca del sur</subfield>
      <subfield code="a">Ensayo. Educación</subfield>
      <subfield code="a">Espejo de la Argentina</subfield>
      <subfield code="a">Colección autores españoles e hispanoamericanos</subfield>
      <subfield code="a">Colección perfiles</subfield>
      <subfield code="v">7</subfield>
    </datafield>
    <datafield tag="650" ind1=" " ind2=" ">
      <subfield code="a"> LITERATURA CUBANA</subfield>
    </datafield>
    <datafield tag="650" ind1=" " ind2=" ">
      <subfield code="a"> CRITICA LITERARIA</subfield>
    </datafield>
    <datafield tag="650" ind1=" " ind2=" ">
      <subfield code="a"> MARTI, JOSE</subfield>
    </datafield>
    <datafield tag="942" ind1=" " ind2=" ">
      <subfield code="c">BK</subfield>
    </datafield>
    <datafield tag="952" ind1=" " ind2=" ">
      <subfield code="a">BIB_RECT</subfield>
      <subfield code="b">BIB_UARG</subfield>
      <subfield code="d">2005-08-23</subfield>
      <subfield code="y">BK</subfield>
      <subfield code="p">05-27377</subfield>
      <subfield code="i">05-27377</subfield>
      <subfield code="g">13</subfield>
      <subfield code="o">821.134.2(729.1).09 F363j</subfield>
      <subfield code="e">Donación Gabriela Lu</subfield>
      <subfield code="8">CG</subfield>
    </datafield>
  </record>