
  <record>
    <leader>01000aam  22002601a 4500</leader>
    <controlfield tag="001">YPZ3772</controlfield>
    <controlfield tag="003">YPZ</controlfield>
    <controlfield tag="005">200404290000000</controlfield>
    <controlfield tag="008">040429|###########||||||b||||||||||spa|d</controlfield>
    <datafield tag="020" ind1=" " ind2=" ">
      <subfield code="a">9508080566</subfield>
    </datafield>
    <datafield tag="040" ind1=" " ind2=" ">
      <subfield code="c">SIUNPA</subfield>
    </datafield>
    <datafield tag="041" ind1=" " ind2=" ">
      <subfield code="a">spa</subfield>
    </datafield>
    <datafield tag="044" ind1=" " ind2=" ">
      <subfield code="a">AR</subfield>
    </datafield>
    <datafield tag="080" ind1=" " ind2=" ">
      <subfield code="a">372.4 D614d</subfield>
    </datafield>
    <datafield tag="100" ind1=" " ind2=" ">
      <subfield code="a">Avendaño, Fernando.</subfield>
    </datafield>
    <datafield tag="700" ind1=" " ind2=" ">
      <subfield code="a">Banks Leite, Lucy.</subfield>
    </datafield>
    <datafield tag="700" ind1=" " ind2=" ">
      <subfield code="a">Barruti de Fay, Dalma.</subfield>
    </datafield>
    <datafield tag="700" ind1=" " ind2=" ">
      <subfield code="a">Bixio, Cecilia.</subfield>
    </datafield>
    <datafield tag="700" ind1=" " ind2=" ">
      <subfield code="a">Boggino, Norberto.</subfield>
    </datafield>
    <datafield tag="700" ind1=" " ind2=" ">
      <subfield code="a">Castorina, José Antonio.</subfield>
    </datafield>
    <datafield tag="700" ind1=" " ind2=" ">
      <subfield code="a">Fernández, Susana.</subfield>
    </datafield>
    <datafield tag="700" ind1=" " ind2=" ">
      <subfield code="a">Lajonquière, Leandro de.</subfield>
    </datafield>
    <datafield tag="700" ind1=" " ind2=" ">
      <subfield code="a">Lenzi, Alicia.</subfield>
    </datafield>
    <datafield tag="700" ind1=" " ind2=" ">
      <subfield code="a">Menin, Ovide.</subfield>
    </datafield>
    <datafield tag="700" ind1=" " ind2=" ">
      <subfield code="a">Vénnera, Marta.</subfield>
    </datafield>
    <datafield tag="245" ind1=" " ind2=" ">
      <subfield code="a">La disyuntiva de enseñar o esperar que el niño aprenda</subfield>
      <subfield code="b"> : Ciencias Naturales, Ciencias Sociales, Matemáticas y Lengua en la EGB</subfield>
    </datafield>
    <datafield tag="250" ind1=" " ind2=" ">
      <subfield code="a">1a ed.</subfield>
    </datafield>
    <datafield tag="260" ind1=" " ind2=" ">
      <subfield code="a">Rosario</subfield>
      <subfield code="b"> : Homo Sapiens</subfield>
      <subfield code="c"> , 1995</subfield>
    </datafield>
    <datafield tag="300" ind1=" " ind2=" ">
      <subfield code="a">165 p. : </subfield>
      <subfield code="b">il. ; </subfield>
      <subfield code="a">191 p. : </subfield>
    </datafield>
    <datafield tag="650" ind1=" " ind2=" ">
      <subfield code="a"> ENSEÑANZA PRIMARIA</subfield>
    </datafield>
    <datafield tag="650" ind1=" " ind2=" ">
      <subfield code="a"> APRENDIZAJE</subfield>
    </datafield>
    <datafield tag="650" ind1=" " ind2=" ">
      <subfield code="a"> ALUMNOS</subfield>
    </datafield>
    <datafield tag="650" ind1=" " ind2=" ">
      <subfield code="a"> EGB</subfield>
    </datafield>
    <datafield tag="505" ind1="0" ind2="0">
      <subfield code="g">p. 13-46</subfield>
      <subfield code="g">- ENSEÑANZA DE LAS CIENCIAS NATURALES - METODOS DE ENSEÑANZA - CIENCIAS NATURALES - TEORIAS DE LA EDUCACION - EGB</subfield>
      <subfield code="r">Barruti de Fay, Dalma|Vénnera, Marta</subfield>
      <subfield code="t">Descubrir la importancia de enseñar ciencias naturales con un enfoque constructivista</subfield>
    </datafield>
    <datafield tag="505" ind1="0" ind2="0">
      <subfield code="g">p. 47-60</subfield>
      <subfield code="g">- ORTOGRAFIA -  LENGUA ESCRITA - ENSEÑANZA DE LA LENGUA MATERNA - ENSEÑANZA DE LA ORTOGRAFIA - METODOS DE ENSEÑANZA - EGB</subfield>
      <subfield code="r">Avendaño, Fernando</subfield>
      <subfield code="t">Aprender ortografía</subfield>
    </datafield>
    <datafield tag="505" ind1="0" ind2="0">
      <subfield code="g">p. 85-116</subfield>
      <subfield code="g">- ENSEÑANZA DE LAS CIENCIAS SOCIALES - CIENCIAS SOCIALES - INVESTIGACION EDUCACIONAL</subfield>
      <subfield code="r">Bixio, Cecilia</subfield>
      <subfield code="t">Las ciencias sociales en la vida social de la escuela</subfield>
    </datafield>
    <datafield tag="505" ind1="0" ind2="0">
      <subfield code="g">p. 61-84</subfield>
      <subfield code="g">ENSEÑANZA DE LAS MATEMATICAS - MATEMATICAS (PRIMARIA) - METODOS DE ENSEÑANZA - EGB</subfield>
      <subfield code="r">Boggino, Norberto</subfield>
      <subfield code="t">De lo prenumérico a la noción de número</subfield>
    </datafield>
    <datafield tag="505" ind1="0" ind2="0">
      <subfield code="g">p. 117-132</subfield>
      <subfield code="g">- PSICOLOGIA DE LA EDUCACION - INVESTIGACION EDUCACIONAL - PSICOLOGIA EVOLUTIVA</subfield>
      <subfield code="r">Castorina, José Antonio|Lenzi, Alicia|Fernández, Susana</subfield>
      <subfield code="t">El proceso de elaboración de un diseño experimental en psicología genética:la noción de autoridad escolar</subfield>
    </datafield>
    <datafield tag="505" ind1="0" ind2="0">
      <subfield code="g">p. 133-140</subfield>
      <subfield code="g">PRACTICA DOCENTE|TEORIAS DE LA EDUCACION - PSICOLOGIA DE LA EDUCACION - DOCENTES</subfield>
      <subfield code="r">Banks Leite, Lucy</subfield>
      <subfield code="t">Consideraciones sobre la perspectiva constructivista e interaccionistas en psicología:el papel del profesor</subfield>
    </datafield>
    <datafield tag="505" ind1="0" ind2="0">
      <subfield code="g">p. 141-147</subfield>
      <subfield code="g">- PROCESO DE APRENDIZAJE - APRENDIZAJE - ALUMNOS</subfield>
      <subfield code="r">Bixio, Cecilia</subfield>
      <subfield code="t">La disyuntiva de enseñar o esperar que el niño aprenda</subfield>
    </datafield>
    <datafield tag="505" ind1="0" ind2="0">
      <subfield code="g">p. 149-171</subfield>
      <subfield code="g">TEORIAS DE APRENDIZAJE - PRAXIS EDUCATIVA</subfield>
      <subfield code="r">Castorina, José Antonio</subfield>
      <subfield code="t">La significación social de las teorías de aprendizaje</subfield>
    </datafield>
    <datafield tag="505" ind1="0" ind2="0">
      <subfield code="g">p. 173-180</subfield>
      <subfield code="g">- DIDACTICA - |PSICOLOGIA DE LA EDUCACION</subfield>
      <subfield code="r">Menin, Ovide</subfield>
      <subfield code="t">Psicología y didáctica:bases para una didáctica minimalista</subfield>
    </datafield>
    <datafield tag="505" ind1="0" ind2="0">
      <subfield code="g">p. 181-191</subfield>
      <subfield code="g">PSICOLOGIA DE LA EDUCACION - DIDACTICA - PIAGET, JEAN</subfield>
      <subfield code="r">Lajonquière, Leandro de</subfield>
      <subfield code="t">La (anti) pedagogía piagetiana:¿ciencia o arte?</subfield>
    </datafield>
    <datafield tag="773" ind1="0" ind2="#">
      <subfield code="a">Barruti de Fay, Dalma|Vénnera, Marta</subfield>
      <subfield code="g">- ENSEÑANZA DE LAS CIENCIAS NATURALES - METODOS DE ENSEÑANZA - CIENCIAS NATURALES - TEORIAS DE LA EDUCACION - EGB</subfield>
      <subfield code="h">p. 13-46</subfield>
      <subfield code="t">Descubrir la importancia de enseñar ciencias naturales con un enfoque constructivista</subfield>
    </datafield>
    <datafield tag="773" ind1="0" ind2="#">
      <subfield code="a">Avendaño, Fernando</subfield>
      <subfield code="g">- ORTOGRAFIA -  LENGUA ESCRITA - ENSEÑANZA DE LA LENGUA MATERNA - ENSEÑANZA DE LA ORTOGRAFIA - METODOS DE ENSEÑANZA - EGB</subfield>
      <subfield code="h">p. 47-60</subfield>
      <subfield code="t">Aprender ortografía</subfield>
    </datafield>
    <datafield tag="773" ind1="0" ind2="#">
      <subfield code="a">Bixio, Cecilia</subfield>
      <subfield code="g">- ENSEÑANZA DE LAS CIENCIAS SOCIALES - CIENCIAS SOCIALES - INVESTIGACION EDUCACIONAL</subfield>
      <subfield code="h">p. 85-116</subfield>
      <subfield code="t">Las ciencias sociales en la vida social de la escuela</subfield>
    </datafield>
    <datafield tag="773" ind1="0" ind2="#">
      <subfield code="a">Boggino, Norberto</subfield>
      <subfield code="g">ENSEÑANZA DE LAS MATEMATICAS - MATEMATICAS (PRIMARIA) - METODOS DE ENSEÑANZA - EGB</subfield>
      <subfield code="h">p. 61-84</subfield>
      <subfield code="t">De lo prenumérico a la noción de número</subfield>
    </datafield>
    <datafield tag="773" ind1="0" ind2="#">
      <subfield code="a">Castorina, José Antonio|Lenzi, Alicia|Fernández, Susana</subfield>
      <subfield code="g">- PSICOLOGIA DE LA EDUCACION - INVESTIGACION EDUCACIONAL - PSICOLOGIA EVOLUTIVA</subfield>
      <subfield code="h">p. 117-132</subfield>
      <subfield code="t">El proceso de elaboración de un diseño experimental en psicología genética:la noción de autoridad escolar</subfield>
    </datafield>
    <datafield tag="773" ind1="0" ind2="#">
      <subfield code="a">Banks Leite, Lucy</subfield>
      <subfield code="g">PRACTICA DOCENTE|TEORIAS DE LA EDUCACION - PSICOLOGIA DE LA EDUCACION - DOCENTES</subfield>
      <subfield code="h">p. 133-140</subfield>
      <subfield code="t">Consideraciones sobre la perspectiva constructivista e interaccionistas en psicología:el papel del profesor</subfield>
    </datafield>
    <datafield tag="773" ind1="0" ind2="#">
      <subfield code="a">Bixio, Cecilia</subfield>
      <subfield code="g">- PROCESO DE APRENDIZAJE - APRENDIZAJE - ALUMNOS</subfield>
      <subfield code="h">p. 141-147</subfield>
      <subfield code="t">La disyuntiva de enseñar o esperar que el niño aprenda</subfield>
    </datafield>
    <datafield tag="773" ind1="0" ind2="#">
      <subfield code="a">Castorina, José Antonio</subfield>
      <subfield code="g">TEORIAS DE APRENDIZAJE - PRAXIS EDUCATIVA</subfield>
      <subfield code="h">p. 149-171</subfield>
      <subfield code="t">La significación social de las teorías de aprendizaje</subfield>
    </datafield>
    <datafield tag="773" ind1="0" ind2="#">
      <subfield code="a">Menin, Ovide</subfield>
      <subfield code="g">- DIDACTICA - |PSICOLOGIA DE LA EDUCACION</subfield>
      <subfield code="h">p. 173-180</subfield>
      <subfield code="t">Psicología y didáctica:bases para una didáctica minimalista</subfield>
    </datafield>
    <datafield tag="773" ind1="0" ind2="#">
      <subfield code="a">Lajonquière, Leandro de</subfield>
      <subfield code="g">PSICOLOGIA DE LA EDUCACION - DIDACTICA - PIAGET, JEAN</subfield>
      <subfield code="h">p. 181-191</subfield>
      <subfield code="t">La (anti) pedagogía piagetiana:¿ciencia o arte?</subfield>
    </datafield>
    <datafield tag="942" ind1=" " ind2=" ">
      <subfield code="c">BK</subfield>
    </datafield>
    <datafield tag="952" ind1=" " ind2=" ">
      <subfield code="a">BIB_RECT</subfield>
      <subfield code="b">BIB_UACO</subfield>
      <subfield code="d">2005-08-23</subfield>
      <subfield code="y">BK</subfield>
      <subfield code="p">02-20311</subfield>
      <subfield code="i">02-20311</subfield>
      <subfield code="g">12.5</subfield>
      <subfield code="o">372.4 D614d</subfield>
      <subfield code="e">FOMEC585</subfield>
      <subfield code="8">CG</subfield>
    </datafield>
    <datafield tag="952" ind1=" " ind2=" ">
      <subfield code="a">BIB_RECT</subfield>
      <subfield code="b">BIB_UACO</subfield>
      <subfield code="d">2005-08-23</subfield>
      <subfield code="y">BK</subfield>
      <subfield code="p">02-20312</subfield>
      <subfield code="i">02-20312</subfield>
      <subfield code="g">12.5</subfield>
      <subfield code="o">372.4 D614d</subfield>
      <subfield code="e">FOMEC585</subfield>
      <subfield code="8">CG</subfield>
    </datafield>
    <datafield tag="952" ind1=" " ind2=" ">
      <subfield code="a">BIB_RECT</subfield>
      <subfield code="b">BIB_UACO</subfield>
      <subfield code="d">2005-08-23</subfield>
      <subfield code="y">BK</subfield>
      <subfield code="p">02-20313</subfield>
      <subfield code="i">02-20313</subfield>
      <subfield code="g">12.5</subfield>
      <subfield code="o">372.4 D614d</subfield>
      <subfield code="e">FOMEC585</subfield>
      <subfield code="8">CG</subfield>
    </datafield>
    <datafield tag="952" ind1=" " ind2=" ">
      <subfield code="a">BIB_RECT</subfield>
      <subfield code="b">BIB_UACO</subfield>
      <subfield code="d">2005-08-23</subfield>
      <subfield code="y">BK</subfield>
      <subfield code="p">02-20314</subfield>
      <subfield code="i">02-20314</subfield>
      <subfield code="g">12.5</subfield>
      <subfield code="o">372.4 D614d</subfield>
      <subfield code="e">FOMEC585</subfield>
      <subfield code="8">CG</subfield>
    </datafield>
    <datafield tag="952" ind1=" " ind2=" ">
      <subfield code="a">BIB_RECT</subfield>
      <subfield code="b">BIB_UACO</subfield>
      <subfield code="d">2005-08-23</subfield>
      <subfield code="y">BK</subfield>
      <subfield code="p">02-20315</subfield>
      <subfield code="i">02-20315</subfield>
      <subfield code="g">12.5</subfield>
      <subfield code="o">372.4 D614d</subfield>
      <subfield code="e">FOMEC585</subfield>
      <subfield code="8">CG</subfield>
    </datafield>
  </record>