
  <record>
    <leader>01000aam  22002601a 4500</leader>
    <controlfield tag="001">YPZ3778</controlfield>
    <controlfield tag="003">YPZ</controlfield>
    <controlfield tag="005">200404290000000</controlfield>
    <controlfield tag="008">040429|###########||||||b||||||||||spa|d</controlfield>
    <datafield tag="020" ind1=" " ind2=" ">
      <subfield code="a">9508081538</subfield>
    </datafield>
    <datafield tag="040" ind1=" " ind2=" ">
      <subfield code="c">SIUNPA</subfield>
    </datafield>
    <datafield tag="041" ind1=" " ind2=" ">
      <subfield code="a">spa</subfield>
    </datafield>
    <datafield tag="044" ind1=" " ind2=" ">
      <subfield code="a">AR</subfield>
    </datafield>
    <datafield tag="080" ind1=" " ind2=" ">
      <subfield code="a">371.212 P962p</subfield>
    </datafield>
    <datafield tag="100" ind1=" " ind2=" ">
      <subfield code="a">Menin, Ovide.</subfield>
    </datafield>
    <datafield tag="700" ind1=" " ind2=" ">
      <subfield code="a">Bloj, Ana María.</subfield>
    </datafield>
    <datafield tag="700" ind1=" " ind2=" ">
      <subfield code="a">Bixio, Cecilia.</subfield>
    </datafield>
    <datafield tag="700" ind1=" " ind2=" ">
      <subfield code="a">Caballero, Zulma.</subfield>
    </datafield>
    <datafield tag="700" ind1=" " ind2=" ">
      <subfield code="a">Peralta, Zulma.</subfield>
    </datafield>
    <datafield tag="700" ind1=" " ind2=" ">
      <subfield code="a">Boggino, Norberto.</subfield>
    </datafield>
    <datafield tag="700" ind1=" " ind2=" ">
      <subfield code="a">Sánchez, Ángela.</subfield>
    </datafield>
    <datafield tag="700" ind1=" " ind2=" ">
      <subfield code="a">Augsburger, Ana Cecilia.</subfield>
    </datafield>
    <datafield tag="700" ind1=" " ind2=" ">
      <subfield code="a">Ravenna, Analía Elena.</subfield>
    </datafield>
    <datafield tag="245" ind1=" " ind2=" ">
      <subfield code="a">Problemas de aprendizaje</subfield>
      <subfield code="b"> : ¿qué prevención es posible?</subfield>
    </datafield>
    <datafield tag="260" ind1=" " ind2=" ">
      <subfield code="a">Rosario</subfield>
      <subfield code="b"> : Homo Sapiens</subfield>
      <subfield code="c"> , 1997</subfield>
    </datafield>
    <datafield tag="300" ind1=" " ind2=" ">
      <subfield code="a">168 p. : </subfield>
    </datafield>
    <datafield tag="650" ind1=" " ind2=" ">
      <subfield code="a"> APRENDIZAJE</subfield>
    </datafield>
    <datafield tag="650" ind1=" " ind2=" ">
      <subfield code="a"> ALUMNOS</subfield>
    </datafield>
    <datafield tag="650" ind1=" " ind2=" ">
      <subfield code="a"> DIFICULTADES EN EL APRENDIZAJE</subfield>
    </datafield>
    <datafield tag="650" ind1=" " ind2=" ">
      <subfield code="a"> FACTORES DE FRACASO</subfield>
    </datafield>
    <datafield tag="650" ind1=" " ind2=" ">
      <subfield code="a"> EDUCACION SEXUAL</subfield>
    </datafield>
    <datafield tag="942" ind1=" " ind2=" ">
      <subfield code="c">BK</subfield>
    </datafield>
    <datafield tag="952" ind1=" " ind2=" ">
      <subfield code="a">BIB_RECT</subfield>
      <subfield code="b">BIB_UACO</subfield>
      <subfield code="d">2006-12-11</subfield>
      <subfield code="y">BK</subfield>
      <subfield code="p">02-06781</subfield>
      <subfield code="i">02-06781</subfield>
      <subfield code="g">0</subfield>
      <subfield code="o">371.212 P962p</subfield>
      <subfield code="e"/>
      <subfield code="8">CG</subfield>
    </datafield>
    <datafield tag="952" ind1=" " ind2=" ">
      <subfield code="a">BIB_RECT</subfield>
      <subfield code="b">BIB_UACO</subfield>
      <subfield code="d">2006-12-11</subfield>
      <subfield code="y">BK</subfield>
      <subfield code="p">02-06782</subfield>
      <subfield code="i">02-06782</subfield>
      <subfield code="g">0</subfield>
      <subfield code="o">371.212 P962p</subfield>
      <subfield code="e"/>
      <subfield code="8">CG</subfield>
    </datafield>
    <datafield tag="952" ind1=" " ind2=" ">
      <subfield code="a">BIB_RECT</subfield>
      <subfield code="b">BIB_UACO</subfield>
      <subfield code="d">2006-12-11</subfield>
      <subfield code="y">BK</subfield>
      <subfield code="p">02-07546</subfield>
      <subfield code="i">02-07546</subfield>
      <subfield code="g">0</subfield>
      <subfield code="o">371.212 P962p</subfield>
      <subfield code="e"/>
      <subfield code="8">CG</subfield>
    </datafield>
    <datafield tag="952" ind1=" " ind2=" ">
      <subfield code="a">BIB_RECT</subfield>
      <subfield code="b">BIB_UACO</subfield>
      <subfield code="d">2006-12-11</subfield>
      <subfield code="y">BK</subfield>
      <subfield code="p">02-07554</subfield>
      <subfield code="i">02-07554</subfield>
      <subfield code="g">0</subfield>
      <subfield code="o">371.212 P962p</subfield>
      <subfield code="e"/>
      <subfield code="8">CG</subfield>
    </datafield>
    <datafield tag="952" ind1=" " ind2=" ">
      <subfield code="a">BIB_RECT</subfield>
      <subfield code="b">BIB_UACO</subfield>
      <subfield code="d">2006-12-11</subfield>
      <subfield code="y">BK</subfield>
      <subfield code="p">02-07729</subfield>
      <subfield code="i">02-07729</subfield>
      <subfield code="g">0</subfield>
      <subfield code="o">371.212 P962p</subfield>
      <subfield code="e"/>
      <subfield code="8">CG</subfield>
    </datafield>
    <datafield tag="952" ind1=" " ind2=" ">
      <subfield code="a">BIB_RECT</subfield>
      <subfield code="b">BIB_UACO</subfield>
      <subfield code="d">2006-12-11</subfield>
      <subfield code="y">BK</subfield>
      <subfield code="p">02-07730</subfield>
      <subfield code="i">02-07730</subfield>
      <subfield code="g">0</subfield>
      <subfield code="o">371.212 P962p</subfield>
      <subfield code="e"/>
      <subfield code="8">CG</subfield>
    </datafield>
    <datafield tag="952" ind1=" " ind2=" ">
      <subfield code="a">BIB_RECT</subfield>
      <subfield code="b">BIB_UACO</subfield>
      <subfield code="d">2006-12-11</subfield>
      <subfield code="y">BK</subfield>
      <subfield code="p">02-07731</subfield>
      <subfield code="i">02-07731</subfield>
      <subfield code="g">0</subfield>
      <subfield code="o">371.212 P962p</subfield>
      <subfield code="e"/>
      <subfield code="8">CG</subfield>
    </datafield>
    <datafield tag="952" ind1=" " ind2=" ">
      <subfield code="a">BIB_RECT</subfield>
      <subfield code="b">BIB_UACO</subfield>
      <subfield code="d">2006-12-11</subfield>
      <subfield code="y">BK</subfield>
      <subfield code="p">02-07732</subfield>
      <subfield code="i">02-07732</subfield>
      <subfield code="g">0</subfield>
      <subfield code="o">371.212 P962p</subfield>
      <subfield code="e"/>
      <subfield code="8">CG</subfield>
    </datafield>
    <datafield tag="952" ind1=" " ind2=" ">
      <subfield code="a">BIB_RECT</subfield>
      <subfield code="b">BIB_UACO</subfield>
      <subfield code="d">2006-12-11</subfield>
      <subfield code="y">BK</subfield>
      <subfield code="p">02-07733</subfield>
      <subfield code="i">02-07733</subfield>
      <subfield code="g">0</subfield>
      <subfield code="o">371.212 P962p</subfield>
      <subfield code="e"/>
      <subfield code="8">CG</subfield>
    </datafield>
    <datafield tag="952" ind1=" " ind2=" ">
      <subfield code="a">BIB_RECT</subfield>
      <subfield code="b">BIB_UACO</subfield>
      <subfield code="d">2006-12-11</subfield>
      <subfield code="y">BK</subfield>
      <subfield code="p">02-07734</subfield>
      <subfield code="i">02-07734</subfield>
      <subfield code="g">0</subfield>
      <subfield code="o">371.212 P962p</subfield>
      <subfield code="e"/>
      <subfield code="8">CG</subfield>
    </datafield>
    <datafield tag="952" ind1=" " ind2=" ">
      <subfield code="a">BIB_RECT</subfield>
      <subfield code="b">BIB_UACO</subfield>
      <subfield code="d">2006-12-11</subfield>
      <subfield code="y">BK</subfield>
      <subfield code="p">02-07735</subfield>
      <subfield code="i">02-07735</subfield>
      <subfield code="g">0</subfield>
      <subfield code="o">371.212 P962p</subfield>
      <subfield code="e"/>
      <subfield code="8">CG</subfield>
    </datafield>
    <datafield tag="952" ind1=" " ind2=" ">
      <subfield code="a">BIB_RECT</subfield>
      <subfield code="b">BIB_UART</subfield>
      <subfield code="d">2006-11-10</subfield>
      <subfield code="y">BK</subfield>
      <subfield code="p">03-01736</subfield>
      <subfield code="i">03-01736</subfield>
      <subfield code="g"/>
      <subfield code="o">371.212 P962p</subfield>
      <subfield code="e"/>
      <subfield code="8">CG</subfield>
    </datafield>
    <datafield tag="952" ind1=" " ind2=" ">
      <subfield code="a">BIB_RECT</subfield>
      <subfield code="b">SAT_TRUN</subfield>
      <subfield code="d">2005-08-23</subfield>
      <subfield code="y">BK</subfield>
      <subfield code="p">10-07736</subfield>
      <subfield code="i">10-07736</subfield>
      <subfield code="g">17</subfield>
      <subfield code="o">371.212 P962p</subfield>
      <subfield code="e">FOMEC585</subfield>
      <subfield code="8">CG</subfield>
    </datafield>
    <datafield tag="952" ind1=" " ind2=" ">
      <subfield code="a">BIB_RECT</subfield>
      <subfield code="b">SAT_CLFT</subfield>
      <subfield code="d">2005-08-23</subfield>
      <subfield code="y">BK</subfield>
      <subfield code="p">12-20250</subfield>
      <subfield code="i">12-20250</subfield>
      <subfield code="g">17</subfield>
      <subfield code="o">371.212 P962p</subfield>
      <subfield code="e">SIUNPA</subfield>
      <subfield code="8">CG</subfield>
    </datafield>
  </record>