
  <record>
    <leader>01000aam  22002601a 4500</leader>
    <controlfield tag="001">YPZ3789</controlfield>
    <controlfield tag="003">YPZ</controlfield>
    <controlfield tag="005">200405170000000</controlfield>
    <controlfield tag="008">040517|###########||||||b||||||||||spa|d</controlfield>
    <datafield tag="020" ind1=" " ind2=" ">
      <subfield code="a">9508082836</subfield>
    </datafield>
    <datafield tag="040" ind1=" " ind2=" ">
      <subfield code="c">SIUNPA</subfield>
    </datafield>
    <datafield tag="041" ind1=" " ind2=" ">
      <subfield code="a">spa</subfield>
    </datafield>
    <datafield tag="044" ind1=" " ind2=" ">
      <subfield code="a">AR</subfield>
    </datafield>
    <datafield tag="080" ind1=" " ind2=" ">
      <subfield code="a">372.834.27 S755v</subfield>
    </datafield>
    <datafield tag="100" ind1=" " ind2=" ">
      <subfield code="a">Spiegel, Alejandro D..</subfield>
    </datafield>
    <datafield tag="245" ind1=" " ind2=" ">
      <subfield code="a">La vida cotidiana como recurso didáctico</subfield>
      <subfield code="b"> : hacia una escuela más auténtica</subfield>
      <subfield code="c"> / Surasky, Ariella, il.</subfield>
    </datafield>
    <datafield tag="260" ind1=" " ind2=" ">
      <subfield code="a">Rosario</subfield>
      <subfield code="b"> : Homo Sapiens</subfield>
      <subfield code="c"> , 2000</subfield>
    </datafield>
    <datafield tag="300" ind1=" " ind2=" ">
      <subfield code="a">143 p. : </subfield>
      <subfield code="b">il. ; </subfield>
    </datafield>
    <datafield tag="500" ind1=" " ind2=" ">
      <subfield code="a">Subtítulo en cubierta: El caso de la educación de valores. Actividades y ejemplos</subfield>
    </datafield>
    <datafield tag="650" ind1=" " ind2=" ">
      <subfield code="a"> ENSEÑANZA DE VALORES</subfield>
    </datafield>
    <datafield tag="650" ind1=" " ind2=" ">
      <subfield code="a"> FORMACION ETICA Y CIUDADANA</subfield>
    </datafield>
    <datafield tag="650" ind1=" " ind2=" ">
      <subfield code="a"> METODOS DE ENSEÑANZA</subfield>
    </datafield>
    <datafield tag="650" ind1=" " ind2=" ">
      <subfield code="a"> MOTIVACION DEL ALUMNO</subfield>
    </datafield>
    <datafield tag="650" ind1=" " ind2=" ">
      <subfield code="a"> ACTIVIDADES DE APRENDIZAJE</subfield>
    </datafield>
    <datafield tag="942" ind1=" " ind2=" ">
      <subfield code="c">BK</subfield>
    </datafield>
    <datafield tag="952" ind1=" " ind2=" ">
      <subfield code="a">BIB_RECT</subfield>
      <subfield code="b">BIB_UART</subfield>
      <subfield code="d">2005-08-23</subfield>
      <subfield code="y">BK</subfield>
      <subfield code="p">03-24318</subfield>
      <subfield code="i">03-24318</subfield>
      <subfield code="g">19</subfield>
      <subfield code="o">372.834.27 S755v</subfield>
      <subfield code="e">UART</subfield>
      <subfield code="8">CG</subfield>
    </datafield>
  </record>