
  <record>
    <leader>01000aam  22002601a 4500</leader>
    <controlfield tag="001">YPZ3793</controlfield>
    <controlfield tag="003">YPZ</controlfield>
    <controlfield tag="005">200503030000000</controlfield>
    <controlfield tag="008">050303|###########||||||b||||||||||spa|d</controlfield>
    <datafield tag="020" ind1=" " ind2=" ">
      <subfield code="a">9508083298</subfield>
    </datafield>
    <datafield tag="040" ind1=" " ind2=" ">
      <subfield code="c">SIUNPA</subfield>
    </datafield>
    <datafield tag="041" ind1=" " ind2=" ">
      <subfield code="a">spa</subfield>
    </datafield>
    <datafield tag="044" ind1=" " ind2=" ">
      <subfield code="a">AR</subfield>
    </datafield>
    <datafield tag="080" ind1=" " ind2=" ">
      <subfield code="a">364.2 R332r</subfield>
    </datafield>
    <datafield tag="100" ind1=" " ind2=" ">
      <subfield code="a">Nelson, Joan.</subfield>
    </datafield>
    <datafield tag="700" ind1=" " ind2=" ">
      <subfield code="a">Sojo, Ana.</subfield>
    </datafield>
    <datafield tag="700" ind1=" " ind2=" ">
      <subfield code="a">Belmartino, Susana.</subfield>
    </datafield>
    <datafield tag="700" ind1=" " ind2=" ">
      <subfield code="a">Levin, Silvia.</subfield>
    </datafield>
    <datafield tag="700" ind1=" " ind2=" ">
      <subfield code="a">Repetto, Fabián.</subfield>
    </datafield>
    <datafield tag="700" ind1=" " ind2=" ">
      <subfield code="a">Tanaka, Martín.</subfield>
    </datafield>
    <datafield tag="700" ind1=" " ind2=" ">
      <subfield code="a">Trivelli, Carolina.</subfield>
    </datafield>
    <datafield tag="700" ind1=" " ind2=" ">
      <subfield code="a">Brachet-Márquez, Viviane.</subfield>
    </datafield>
    <datafield tag="700" ind1=" " ind2=" ">
      <subfield code="a">Draibe, Sonia.</subfield>
    </datafield>
    <datafield tag="245" ind1=" " ind2=" ">
      <subfield code="a">Reflexiones latinoamericanas sobre política social</subfield>
    </datafield>
    <datafield tag="250" ind1=" " ind2=" ">
      <subfield code="a">1a ed.</subfield>
    </datafield>
    <datafield tag="260" ind1=" " ind2=" ">
      <subfield code="a">Santa Fe</subfield>
      <subfield code="b"> : Homo Sapiens</subfield>
      <subfield code="c"> , 2001</subfield>
    </datafield>
    <datafield tag="300" ind1=" " ind2=" ">
      <subfield code="a">158 p. : </subfield>
      <subfield code="b">il. ; </subfield>
    </datafield>
    <datafield tag="440" ind1=" " ind2=" ">
      <subfield code="a">Colección ecología</subfield>
      <subfield code="a">Colección Ciencias Sociales</subfield>
      <subfield code="a">Colección Ciencias Sociales</subfield>
      <subfield code="a">Didáctica</subfield>
      <subfield code="a">Colección Ciencias Sociales</subfield>
      <subfield code="a">Colección ecología</subfield>
      <subfield code="a">Didáctica</subfield>
      <subfield code="a">Colección ecología</subfield>
      <subfield code="a">Colección de convenios colectivos de trabajo</subfield>
      <subfield code="a">Colección de convenios colectivos de trabajo</subfield>
      <subfield code="a">El fisco opina</subfield>
      <subfield code="a">El fisco opina</subfield>
      <subfield code="a">El fisco opina</subfield>
      <subfield code="a">Serie educación</subfield>
      <subfield code="a">Serie educación</subfield>
      <subfield code="a">Serie educación</subfield>
      <subfield code="a">Serie Psicoanálisis</subfield>
      <subfield code="a">Serie educación</subfield>
      <subfield code="a">Serie educación</subfield>
      <subfield code="a">Serie educación</subfield>
      <subfield code="a">Serie educación</subfield>
      <subfield code="a">Serie educación</subfield>
      <subfield code="a">Serie educación</subfield>
      <subfield code="a">Serie educación</subfield>
      <subfield code="a">Serie educación</subfield>
      <subfield code="a">Serie educación</subfield>
      <subfield code="a">Serie estudios lingüísticos</subfield>
      <subfield code="a">Serie educación</subfield>
      <subfield code="a">Serie educación</subfield>
      <subfield code="a">Serie estudios sociales</subfield>
      <subfield code="a">Socialis</subfield>
      <subfield code="v">v. 5</subfield>
    </datafield>
    <datafield tag="490" ind1=" " ind2=" ">
      <subfield code="a">Colección ecología</subfield>
      <subfield code="a">Colección Ciencias Sociales</subfield>
      <subfield code="a">Colección Ciencias Sociales</subfield>
      <subfield code="a">Didáctica</subfield>
      <subfield code="a">Colección Ciencias Sociales</subfield>
      <subfield code="a">Colección ecología</subfield>
      <subfield code="a">Didáctica</subfield>
      <subfield code="a">Colección ecología</subfield>
      <subfield code="a">Colección de convenios colectivos de trabajo</subfield>
      <subfield code="a">Colección de convenios colectivos de trabajo</subfield>
      <subfield code="a">El fisco opina</subfield>
      <subfield code="a">El fisco opina</subfield>
      <subfield code="a">El fisco opina</subfield>
      <subfield code="a">Serie educación</subfield>
      <subfield code="a">Serie educación</subfield>
      <subfield code="a">Serie educación</subfield>
      <subfield code="a">Serie Psicoanálisis</subfield>
      <subfield code="a">Serie educación</subfield>
      <subfield code="a">Serie educación</subfield>
      <subfield code="a">Serie educación</subfield>
      <subfield code="a">Serie educación</subfield>
      <subfield code="a">Serie educación</subfield>
      <subfield code="a">Serie educación</subfield>
      <subfield code="a">Serie educación</subfield>
      <subfield code="a">Serie educación</subfield>
      <subfield code="a">Serie educación</subfield>
      <subfield code="a">Serie estudios lingüísticos</subfield>
      <subfield code="a">Serie educación</subfield>
      <subfield code="a">Serie educación</subfield>
      <subfield code="a">Serie estudios sociales</subfield>
      <subfield code="a">Socialis</subfield>
      <subfield code="v">v. 5</subfield>
    </datafield>
    <datafield tag="650" ind1=" " ind2=" ">
      <subfield code="a"> POLITICA SOCIAL</subfield>
    </datafield>
    <datafield tag="650" ind1=" " ind2=" ">
      <subfield code="a"> PREVISION SOCIAL</subfield>
    </datafield>
    <datafield tag="650" ind1=" " ind2=" ">
      <subfield code="a"> DERECHOS SOCIALES</subfield>
    </datafield>
    <datafield tag="650" ind1=" " ind2=" ">
      <subfield code="a"> PROBLEMAS SOCIALES</subfield>
    </datafield>
    <datafield tag="650" ind1=" " ind2=" ">
      <subfield code="a"> AMERICA LATINA</subfield>
    </datafield>
    <datafield tag="942" ind1=" " ind2=" ">
      <subfield code="c">BK</subfield>
    </datafield>
    <datafield tag="952" ind1=" " ind2=" ">
      <subfield code="a">BIB_RECT</subfield>
      <subfield code="b">BIB_UARG</subfield>
      <subfield code="d">2005-08-23</subfield>
      <subfield code="y">BK</subfield>
      <subfield code="p">05-26952</subfield>
      <subfield code="i">05-26952</subfield>
      <subfield code="g">15</subfield>
      <subfield code="o">364.2 R332r</subfield>
      <subfield code="e">SIUNPA</subfield>
      <subfield code="8">CG</subfield>
    </datafield>
    <datafield tag="952" ind1=" " ind2=" ">
      <subfield code="a">BIB_RECT</subfield>
      <subfield code="b">BIB_UARG</subfield>
      <subfield code="d">2005-08-23</subfield>
      <subfield code="y">BK</subfield>
      <subfield code="p">05-26953</subfield>
      <subfield code="i">05-26953</subfield>
      <subfield code="g">15</subfield>
      <subfield code="o">364.2 R332r</subfield>
      <subfield code="e">SIUNPA</subfield>
      <subfield code="8">CG</subfield>
    </datafield>
  </record>