
  <record>
    <leader>01000aam  22002601a 4500</leader>
    <controlfield tag="001">YPZ3812</controlfield>
    <controlfield tag="003">YPZ</controlfield>
    <controlfield tag="005">200502190000000</controlfield>
    <controlfield tag="008">050219|###########||||||b||||||||||spa|d</controlfield>
    <datafield tag="020" ind1=" " ind2=" ">
      <subfield code="a">9508920475</subfield>
    </datafield>
    <datafield tag="040" ind1=" " ind2=" ">
      <subfield code="c">SIUNPA</subfield>
    </datafield>
    <datafield tag="041" ind1=" " ind2=" ">
      <subfield code="a">spa</subfield>
    </datafield>
    <datafield tag="044" ind1=" " ind2=" ">
      <subfield code="a">AR</subfield>
    </datafield>
    <datafield tag="080" ind1=" " ind2=" ">
      <subfield code="a">614 S729d</subfield>
    </datafield>
    <datafield tag="100" ind1=" " ind2=" ">
      <subfield code="a">Souza Minayo, María Cecilia de.</subfield>
    </datafield>
    <datafield tag="245" ind1=" " ind2=" ">
      <subfield code="a">El desafío del conocimiento</subfield>
      <subfield code="b"> : investigación cualitativa en salud</subfield>
      <subfield code="c"> / Barraza Martínez, Juan Francisco, tr.</subfield>
    </datafield>
    <datafield tag="260" ind1=" " ind2=" ">
      <subfield code="a">Buenos Aires</subfield>
      <subfield code="b"> : Lugar Editorial</subfield>
      <subfield code="c"> , 2004</subfield>
    </datafield>
    <datafield tag="440" ind1=" " ind2=" ">
      <subfield code="a">Colección cuadernillos de géneros</subfield>
      <subfield code="a">Biblioteca de la mirada</subfield>
      <subfield code="a">Colección problemática educativa</subfield>
      <subfield code="a">Colección salud colectiva</subfield>
      <subfield code="a">Colección salud colectiva</subfield>
      <subfield code="v">[9]</subfield>
    </datafield>
    <datafield tag="490" ind1=" " ind2=" ">
      <subfield code="a">Colección cuadernillos de géneros</subfield>
      <subfield code="a">Biblioteca de la mirada</subfield>
      <subfield code="a">Colección problemática educativa</subfield>
      <subfield code="a">Colección salud colectiva</subfield>
      <subfield code="a">Colección salud colectiva</subfield>
      <subfield code="v">[9]</subfield>
    </datafield>
    <datafield tag="500" ind1=" " ind2=" ">
      <subfield code="a">El año de reimpresión varía según el ejemplar</subfield>
    </datafield>
    <datafield tag="650" ind1=" " ind2=" ">
      <subfield code="a"> INVESTIGACION SOCIAL</subfield>
    </datafield>
    <datafield tag="650" ind1=" " ind2=" ">
      <subfield code="a"> SALUD PUBLICA</subfield>
    </datafield>
    <datafield tag="650" ind1=" " ind2=" ">
      <subfield code="a"> INVESTIGACION CUALITATIVA</subfield>
    </datafield>
    <datafield tag="650" ind1=" " ind2=" ">
      <subfield code="a"> METODOS DE INVESTIGACION</subfield>
    </datafield>
    <datafield tag="942" ind1=" " ind2=" ">
      <subfield code="c">BK</subfield>
    </datafield>
    <datafield tag="952" ind1=" " ind2=" ">
      <subfield code="a">BIB_RECT</subfield>
      <subfield code="b">BIB_UASJ</subfield>
      <subfield code="d">2008-02-29</subfield>
      <subfield code="y">BK</subfield>
      <subfield code="p">04-34440</subfield>
      <subfield code="i">04-34440</subfield>
      <subfield code="g">23</subfield>
      <subfield code="o">614 S729d</subfield>
      <subfield code="e">Donación</subfield>
      <subfield code="8">CG</subfield>
    </datafield>
    <datafield tag="952" ind1=" " ind2=" ">
      <subfield code="a">BIB_RECT</subfield>
      <subfield code="b">BIB_UARG</subfield>
      <subfield code="d">2005-08-23</subfield>
      <subfield code="y">BK</subfield>
      <subfield code="p">05-26711</subfield>
      <subfield code="i">05-26711</subfield>
      <subfield code="g">22.13</subfield>
      <subfield code="o">614 S729d</subfield>
      <subfield code="e">SIUNPA</subfield>
      <subfield code="8">CG</subfield>
    </datafield>
    <datafield tag="952" ind1=" " ind2=" ">
      <subfield code="a">BIB_RECT</subfield>
      <subfield code="b">BIB_UARG</subfield>
      <subfield code="d">2005-08-23</subfield>
      <subfield code="y">BK</subfield>
      <subfield code="p">05-26712</subfield>
      <subfield code="i">05-26712</subfield>
      <subfield code="g">22.13</subfield>
      <subfield code="o">614 S729d</subfield>
      <subfield code="e">SIUNPA</subfield>
      <subfield code="8">CG</subfield>
    </datafield>
    <datafield tag="952" ind1=" " ind2=" ">
      <subfield code="a">BIB_RECT</subfield>
      <subfield code="b">BIB_UARG</subfield>
      <subfield code="d">2005-08-23</subfield>
      <subfield code="y">BK</subfield>
      <subfield code="p">05-26713</subfield>
      <subfield code="i">05-26713</subfield>
      <subfield code="g">22.13</subfield>
      <subfield code="o">614 S729d</subfield>
      <subfield code="e">SIUNPA</subfield>
      <subfield code="8">CG</subfield>
    </datafield>
  </record>