
  <record>
    <leader>01000aam  22002601a 4500</leader>
    <controlfield tag="001">YPZ3882</controlfield>
    <controlfield tag="003">YPZ</controlfield>
    <controlfield tag="005">200506080000000</controlfield>
    <controlfield tag="008">050608|###########||||||b||||||||||spa|d</controlfield>
    <datafield tag="020" ind1=" " ind2=" ">
      <subfield code="a">9508961775</subfield>
    </datafield>
    <datafield tag="040" ind1=" " ind2=" ">
      <subfield code="c">SIUNPA</subfield>
    </datafield>
    <datafield tag="041" ind1=" " ind2=" ">
      <subfield code="a">spa</subfield>
      <subfield code="a">eng</subfield>
    </datafield>
    <datafield tag="044" ind1=" " ind2=" ">
      <subfield code="a">AR</subfield>
    </datafield>
    <datafield tag="080" ind1=" " ind2=" ">
      <subfield code="a">F314.02 I597ar 1998</subfield>
    </datafield>
    <datafield tag="110" ind1=" " ind2=" ">
      <subfield code="a">Instituto Nacional de Estadísticas y Censos (Argentina).</subfield>
    </datafield>
    <datafield tag="245" ind1=" " ind2=" ">
      <subfield code="a">Sinopsis estadística</subfield>
      <subfield code="b"> : Argentina</subfield>
    </datafield>
    <datafield tag="246" ind1=" " ind2=" ">
      <subfield code="a">Statistical synopsis.</subfield>
    </datafield>
    <datafield tag="260" ind1=" " ind2=" ">
      <subfield code="a">Buenos Aires</subfield>
      <subfield code="b"> : INDEC</subfield>
      <subfield code="c"> , 1998</subfield>
    </datafield>
    <datafield tag="300" ind1=" " ind2=" ">
      <subfield code="a">53 p. : </subfield>
      <subfield code="b">il. ; </subfield>
    </datafield>
    <datafield tag="500" ind1=" " ind2=" ">
      <subfield code="a">Contenido: Sinopsis del Anuario estadístico de la República Argentina 1998</subfield>
    </datafield>
    <datafield tag="650" ind1=" " ind2=" ">
      <subfield code="a"> ESTADISTICA</subfield>
    </datafield>
    <datafield tag="650" ind1=" " ind2=" ">
      <subfield code="a"> DATO ESTADISTICO</subfield>
    </datafield>
    <datafield tag="650" ind1=" " ind2=" ">
      <subfield code="a"> ARGENTINA</subfield>
    </datafield>
    <datafield tag="942" ind1=" " ind2=" ">
      <subfield code="c">BK</subfield>
    </datafield>
    <datafield tag="952" ind1=" " ind2=" ">
      <subfield code="a">BIB_RECT</subfield>
      <subfield code="b">BIB_UACO</subfield>
      <subfield code="d">2005-08-23</subfield>
      <subfield code="y">BK</subfield>
      <subfield code="p">02-27849</subfield>
      <subfield code="i">02-27849</subfield>
      <subfield code="g">1.5</subfield>
      <subfield code="o">F314.02 I597ar 1998</subfield>
      <subfield code="e">INDEC</subfield>
      <subfield code="8">CG</subfield>
    </datafield>
    <datafield tag="952" ind1=" " ind2=" ">
      <subfield code="a">BIB_RECT</subfield>
      <subfield code="b">BIB_UACO</subfield>
      <subfield code="d">2005-08-23</subfield>
      <subfield code="y">BK</subfield>
      <subfield code="p">02-27850</subfield>
      <subfield code="i">02-27850</subfield>
      <subfield code="g">1.5</subfield>
      <subfield code="o">F314.02 I597ar 1998</subfield>
      <subfield code="e">INDEC</subfield>
      <subfield code="8">CG</subfield>
    </datafield>
    <datafield tag="952" ind1=" " ind2=" ">
      <subfield code="a">BIB_RECT</subfield>
      <subfield code="b">SAT_TRUN</subfield>
      <subfield code="d">2005-08-23</subfield>
      <subfield code="y">BK</subfield>
      <subfield code="p">10-27986</subfield>
      <subfield code="i">10-27986</subfield>
      <subfield code="g">1.5</subfield>
      <subfield code="o">F314.02 I597ar 1998</subfield>
      <subfield code="e">INDEC</subfield>
      <subfield code="8">CG</subfield>
    </datafield>
    <datafield tag="952" ind1=" " ind2=" ">
      <subfield code="a">BIB_RECT</subfield>
      <subfield code="b">SAT_TRUN</subfield>
      <subfield code="d">2005-08-23</subfield>
      <subfield code="y">BK</subfield>
      <subfield code="p">10-27987</subfield>
      <subfield code="i">10-27987</subfield>
      <subfield code="g">1.5</subfield>
      <subfield code="o">F314.02 I597ar 1998</subfield>
      <subfield code="e">INDEC</subfield>
      <subfield code="8">CG</subfield>
    </datafield>
    <datafield tag="952" ind1=" " ind2=" ">
      <subfield code="a">BIB_RECT</subfield>
      <subfield code="b">SAT_PMDN </subfield>
      <subfield code="d">2005-08-23</subfield>
      <subfield code="y">BK</subfield>
      <subfield code="p">15-27990</subfield>
      <subfield code="i">15-27990</subfield>
      <subfield code="g">1.5</subfield>
      <subfield code="o">F314.02 I597ar 1998</subfield>
      <subfield code="e">INDEC</subfield>
      <subfield code="8">CG</subfield>
    </datafield>
    <datafield tag="952" ind1=" " ind2=" ">
      <subfield code="a">BIB_RECT</subfield>
      <subfield code="b">SAT_PMDN </subfield>
      <subfield code="d">2005-08-23</subfield>
      <subfield code="y">BK</subfield>
      <subfield code="p">15-27991</subfield>
      <subfield code="i">15-27991</subfield>
      <subfield code="g">1.5</subfield>
      <subfield code="o">F314.02 I597ar 1998</subfield>
      <subfield code="e">INDEC</subfield>
      <subfield code="8">CG</subfield>
    </datafield>
    <datafield tag="952" ind1=" " ind2=" ">
      <subfield code="a">BIB_RECT</subfield>
      <subfield code="b">SAT_PDES</subfield>
      <subfield code="d">2005-08-23</subfield>
      <subfield code="y">BK</subfield>
      <subfield code="p">16-27982</subfield>
      <subfield code="i">16-27982</subfield>
      <subfield code="g">1.5</subfield>
      <subfield code="o">F314.02 I597ar 1998</subfield>
      <subfield code="e">INDEC</subfield>
      <subfield code="8">CG</subfield>
    </datafield>
    <datafield tag="952" ind1=" " ind2=" ">
      <subfield code="a">BIB_RECT</subfield>
      <subfield code="b">SAT_PDES</subfield>
      <subfield code="d">2005-08-23</subfield>
      <subfield code="y">BK</subfield>
      <subfield code="p">16-27983</subfield>
      <subfield code="i">16-27983</subfield>
      <subfield code="g">1.5</subfield>
      <subfield code="o">F314.02 I597ar 1998</subfield>
      <subfield code="e">INDEC</subfield>
      <subfield code="8">CG</subfield>
    </datafield>
  </record>