
  <record>
    <leader>01000aam  22002601a 4500</leader>
    <controlfield tag="001">YPZ3982</controlfield>
    <controlfield tag="003">YPZ</controlfield>
    <controlfield tag="005">200404290000000</controlfield>
    <controlfield tag="008">040429|###########||||||b||||||||||spa|d</controlfield>
    <datafield tag="020" ind1=" " ind2=" ">
      <subfield code="a">9509374210</subfield>
    </datafield>
    <datafield tag="040" ind1=" " ind2=" ">
      <subfield code="c">SIUNPA</subfield>
    </datafield>
    <datafield tag="041" ind1=" " ind2=" ">
      <subfield code="a">spa</subfield>
    </datafield>
    <datafield tag="044" ind1=" " ind2=" ">
      <subfield code="a">AR</subfield>
    </datafield>
    <datafield tag="080" ind1=" " ind2=" ">
      <subfield code="a">001.1 C438q6</subfield>
    </datafield>
    <datafield tag="100" ind1=" " ind2=" ">
      <subfield code="a">Chalmers, Alan F..</subfield>
    </datafield>
    <datafield tag="245" ind1=" " ind2=" ">
      <subfield code="a">¿Qué es esa cosa llamada ciencia?</subfield>
      <subfield code="c"> / Pérez Sedeño, Eulalia, tr. ; López Máñez, Pilar, tr.</subfield>
    </datafield>
    <datafield tag="250" ind1=" " ind2=" ">
      <subfield code="a">6a ed.</subfield>
    </datafield>
    <datafield tag="260" ind1=" " ind2=" ">
      <subfield code="a">Buenos Aires</subfield>
      <subfield code="b"> : Siglo Veintiuno</subfield>
      <subfield code="c"> , 1988</subfield>
    </datafield>
    <datafield tag="500" ind1=" " ind2=" ">
      <subfield code="a">Traducción de los capítulos 9-14 de la 2a. ed. por Pilar López Máñez</subfield>
    </datafield>
    <datafield tag="650" ind1=" " ind2=" ">
      <subfield code="a"> CIENCIA  FEYERABEND, PAUL</subfield>
    </datafield>
    <datafield tag="650" ind1=" " ind2=" ">
      <subfield code="a"> CONOCIMIENTO</subfield>
    </datafield>
    <datafield tag="650" ind1=" " ind2=" ">
      <subfield code="a"> METODO CIENTIFICO</subfield>
    </datafield>
    <datafield tag="650" ind1=" " ind2=" ">
      <subfield code="a"> FILOSOFIA DE LA CIENCIA</subfield>
    </datafield>
    <datafield tag="650" ind1=" " ind2=" ">
      <subfield code="a"> KUHN, THOMAS</subfield>
    </datafield>
    <datafield tag="942" ind1=" " ind2=" ">
      <subfield code="c">BK</subfield>
    </datafield>
    <datafield tag="952" ind1=" " ind2=" ">
      <subfield code="a">BIB_RECT</subfield>
      <subfield code="b">BIB_UACO</subfield>
      <subfield code="d">2006-08-09</subfield>
      <subfield code="y">BK</subfield>
      <subfield code="p">02-00328</subfield>
      <subfield code="i">02-00328</subfield>
      <subfield code="g">20</subfield>
      <subfield code="o">001.1 C438q6</subfield>
      <subfield code="e">UACO</subfield>
      <subfield code="8">CG</subfield>
    </datafield>
    <datafield tag="952" ind1=" " ind2=" ">
      <subfield code="a">BIB_RECT</subfield>
      <subfield code="b">BIB_UACO</subfield>
      <subfield code="d">2006-08-09</subfield>
      <subfield code="y">BK</subfield>
      <subfield code="p">02-00329</subfield>
      <subfield code="i">02-00329</subfield>
      <subfield code="g">20</subfield>
      <subfield code="o">001.1 C438q6</subfield>
      <subfield code="e">UACO</subfield>
      <subfield code="8">CG</subfield>
    </datafield>
    <datafield tag="952" ind1=" " ind2=" ">
      <subfield code="a">BIB_RECT</subfield>
      <subfield code="b">BIB_UACO</subfield>
      <subfield code="d">2006-08-09</subfield>
      <subfield code="y">BK</subfield>
      <subfield code="p">02-00330</subfield>
      <subfield code="i">02-00330</subfield>
      <subfield code="g">20</subfield>
      <subfield code="o">001.1 C438q6</subfield>
      <subfield code="e">UACO</subfield>
      <subfield code="8">CG</subfield>
    </datafield>
    <datafield tag="952" ind1=" " ind2=" ">
      <subfield code="a">BIB_RECT</subfield>
      <subfield code="b">BIB_UACO</subfield>
      <subfield code="d">2006-08-09</subfield>
      <subfield code="y">BK</subfield>
      <subfield code="p">02-01238</subfield>
      <subfield code="i">02-01238</subfield>
      <subfield code="g">0</subfield>
      <subfield code="o">001.1 C438q6</subfield>
      <subfield code="e">UACO</subfield>
      <subfield code="8">CG</subfield>
    </datafield>
    <datafield tag="952" ind1=" " ind2=" ">
      <subfield code="a">BIB_RECT</subfield>
      <subfield code="b">BIB_UACO</subfield>
      <subfield code="d">2006-08-09</subfield>
      <subfield code="y">BK</subfield>
      <subfield code="p">02-02403</subfield>
      <subfield code="i">02-02403</subfield>
      <subfield code="g">20</subfield>
      <subfield code="o">001.1 C438q6</subfield>
      <subfield code="e">UACO</subfield>
      <subfield code="8">CG</subfield>
    </datafield>
    <datafield tag="952" ind1=" " ind2=" ">
      <subfield code="a">BIB_RECT</subfield>
      <subfield code="b">BIB_UACO</subfield>
      <subfield code="d">2006-08-09</subfield>
      <subfield code="y">BK</subfield>
      <subfield code="p">02-04527</subfield>
      <subfield code="i">02-04527</subfield>
      <subfield code="g">0</subfield>
      <subfield code="o">001.1 C438q6</subfield>
      <subfield code="e">UACO</subfield>
      <subfield code="8">CG</subfield>
    </datafield>
    <datafield tag="952" ind1=" " ind2=" ">
      <subfield code="a">BIB_RECT</subfield>
      <subfield code="b">BIB_UACO</subfield>
      <subfield code="d">2006-08-09</subfield>
      <subfield code="y">BK</subfield>
      <subfield code="p">02-04528</subfield>
      <subfield code="i">02-04528</subfield>
      <subfield code="g">20</subfield>
      <subfield code="o">001.1 C438q6</subfield>
      <subfield code="e">FOMEC585</subfield>
      <subfield code="8">CG</subfield>
    </datafield>
    <datafield tag="952" ind1=" " ind2=" ">
      <subfield code="a">BIB_RECT</subfield>
      <subfield code="b">BIB_UACO</subfield>
      <subfield code="d">2006-08-09</subfield>
      <subfield code="y">BK</subfield>
      <subfield code="p">02-04529</subfield>
      <subfield code="i">02-04529</subfield>
      <subfield code="g">20</subfield>
      <subfield code="o">001.1 C438q6</subfield>
      <subfield code="e">FOMEC585</subfield>
      <subfield code="8">CG</subfield>
    </datafield>
    <datafield tag="952" ind1=" " ind2=" ">
      <subfield code="a">BIB_RECT</subfield>
      <subfield code="b">BIB_UACO</subfield>
      <subfield code="d">2006-08-09</subfield>
      <subfield code="y">BK</subfield>
      <subfield code="p">02-04530</subfield>
      <subfield code="i">02-04530</subfield>
      <subfield code="g">20</subfield>
      <subfield code="o">001.1 C438q6</subfield>
      <subfield code="e">FOMEC585</subfield>
      <subfield code="8">CG</subfield>
    </datafield>
    <datafield tag="952" ind1=" " ind2=" ">
      <subfield code="a">BIB_RECT</subfield>
      <subfield code="b">BIB_UACO</subfield>
      <subfield code="d">2006-08-09</subfield>
      <subfield code="y">BK</subfield>
      <subfield code="p">02-04531</subfield>
      <subfield code="i">02-04531</subfield>
      <subfield code="g">20</subfield>
      <subfield code="o">001.1 C438q6</subfield>
      <subfield code="e">FOMEC585</subfield>
      <subfield code="8">CG</subfield>
    </datafield>
    <datafield tag="952" ind1=" " ind2=" ">
      <subfield code="a">BIB_RECT</subfield>
      <subfield code="b">BIB_UACO</subfield>
      <subfield code="d">2006-08-09</subfield>
      <subfield code="y">BK</subfield>
      <subfield code="p">02-04532</subfield>
      <subfield code="i">02-04532</subfield>
      <subfield code="g">20</subfield>
      <subfield code="o">001.1 C438q6</subfield>
      <subfield code="e">FOMEC585</subfield>
      <subfield code="8">CG</subfield>
    </datafield>
    <datafield tag="952" ind1=" " ind2=" ">
      <subfield code="a">BIB_RECT</subfield>
      <subfield code="b">BIB_UACO</subfield>
      <subfield code="d">2006-08-09</subfield>
      <subfield code="y">BK</subfield>
      <subfield code="p">02-04533</subfield>
      <subfield code="i">02-04533</subfield>
      <subfield code="g">20</subfield>
      <subfield code="o">001.1 C438q6</subfield>
      <subfield code="e">FOMEC585</subfield>
      <subfield code="8">CG</subfield>
    </datafield>
    <datafield tag="952" ind1=" " ind2=" ">
      <subfield code="a">BIB_RECT</subfield>
      <subfield code="b">BIB_UACO</subfield>
      <subfield code="d">2006-08-09</subfield>
      <subfield code="y">BK</subfield>
      <subfield code="p">02-04534</subfield>
      <subfield code="i">02-04534</subfield>
      <subfield code="g">20</subfield>
      <subfield code="o">001.1 C438q6</subfield>
      <subfield code="e">FOMEC585</subfield>
      <subfield code="8">CG</subfield>
    </datafield>
    <datafield tag="952" ind1=" " ind2=" ">
      <subfield code="a">BIB_RECT</subfield>
      <subfield code="b">BIB_UACO</subfield>
      <subfield code="d">2006-08-09</subfield>
      <subfield code="y">BK</subfield>
      <subfield code="p">02-04535</subfield>
      <subfield code="i">02-04535</subfield>
      <subfield code="g">20</subfield>
      <subfield code="o">001.1 C438q6</subfield>
      <subfield code="e">FOMEC585</subfield>
      <subfield code="8">CG</subfield>
    </datafield>
    <datafield tag="952" ind1=" " ind2=" ">
      <subfield code="a">BIB_RECT</subfield>
      <subfield code="b">BIB_UACO</subfield>
      <subfield code="d">2006-08-09</subfield>
      <subfield code="y">BK</subfield>
      <subfield code="p">02-04536</subfield>
      <subfield code="i">02-04536</subfield>
      <subfield code="g">20</subfield>
      <subfield code="o">001.1 C438q6</subfield>
      <subfield code="e">FOMEC585</subfield>
      <subfield code="8">CG</subfield>
    </datafield>
    <datafield tag="952" ind1=" " ind2=" ">
      <subfield code="a">BIB_RECT</subfield>
      <subfield code="b">BIB_UACO</subfield>
      <subfield code="d">2006-08-09</subfield>
      <subfield code="y">BK</subfield>
      <subfield code="p">02-04537</subfield>
      <subfield code="i">02-04537</subfield>
      <subfield code="g">20</subfield>
      <subfield code="o">001.1 C438q6</subfield>
      <subfield code="e">fomec585</subfield>
      <subfield code="8">CG</subfield>
    </datafield>
    <datafield tag="952" ind1=" " ind2=" ">
      <subfield code="a">BIB_RECT</subfield>
      <subfield code="b">BIB_UACO</subfield>
      <subfield code="d">2006-08-09</subfield>
      <subfield code="y">BK</subfield>
      <subfield code="p">02-04538</subfield>
      <subfield code="i">02-04538</subfield>
      <subfield code="g">20</subfield>
      <subfield code="o">001.1 C438q6</subfield>
      <subfield code="e">FOMEC585</subfield>
      <subfield code="8">CG</subfield>
    </datafield>
    <datafield tag="952" ind1=" " ind2=" ">
      <subfield code="a">BIB_RECT</subfield>
      <subfield code="b">BIB_UACO</subfield>
      <subfield code="d">2006-08-09</subfield>
      <subfield code="y">BK</subfield>
      <subfield code="p">02-04539</subfield>
      <subfield code="i">02-04539</subfield>
      <subfield code="g">20</subfield>
      <subfield code="o">001.1 C438q6</subfield>
      <subfield code="e">FOMEC585</subfield>
      <subfield code="8">CG</subfield>
    </datafield>
    <datafield tag="952" ind1=" " ind2=" ">
      <subfield code="a">BIB_RECT</subfield>
      <subfield code="b">BIB_UART</subfield>
      <subfield code="d">2006-11-10</subfield>
      <subfield code="y">BK</subfield>
      <subfield code="p">03-00444</subfield>
      <subfield code="i">03-00444</subfield>
      <subfield code="g"/>
      <subfield code="o">001.1 C438q6</subfield>
      <subfield code="e"/>
      <subfield code="8">CG</subfield>
    </datafield>
    <datafield tag="952" ind1=" " ind2=" ">
      <subfield code="a">BIB_RECT</subfield>
      <subfield code="b">BIB_UART</subfield>
      <subfield code="d">2006-11-10</subfield>
      <subfield code="y">BK</subfield>
      <subfield code="p">03-00445</subfield>
      <subfield code="i">03-00445</subfield>
      <subfield code="g"/>
      <subfield code="o">001.1 C438q6</subfield>
      <subfield code="e"/>
      <subfield code="8">CG</subfield>
    </datafield>
    <datafield tag="952" ind1=" " ind2=" ">
      <subfield code="a">BIB_RECT</subfield>
      <subfield code="b">BIB_UART</subfield>
      <subfield code="d">2006-11-10</subfield>
      <subfield code="y">BK</subfield>
      <subfield code="p">03-00446</subfield>
      <subfield code="i">03-00446</subfield>
      <subfield code="g"/>
      <subfield code="o">001.1 C438q6</subfield>
      <subfield code="e"/>
      <subfield code="8">CG</subfield>
    </datafield>
    <datafield tag="952" ind1=" " ind2=" ">
      <subfield code="a">BIB_RECT</subfield>
      <subfield code="b">BIB_UARG</subfield>
      <subfield code="d">2006-08-28</subfield>
      <subfield code="y">BK</subfield>
      <subfield code="p">05-07131</subfield>
      <subfield code="i">05-07131</subfield>
      <subfield code="g"/>
      <subfield code="o">001.1 C438q6</subfield>
      <subfield code="e"/>
      <subfield code="8">CG</subfield>
    </datafield>
    <datafield tag="952" ind1=" " ind2=" ">
      <subfield code="a">BIB_RECT</subfield>
      <subfield code="b">BIB_UARG</subfield>
      <subfield code="d">2006-08-28</subfield>
      <subfield code="y">BK</subfield>
      <subfield code="p">05-07132</subfield>
      <subfield code="i">05-07132</subfield>
      <subfield code="g">0</subfield>
      <subfield code="o">001.1 C438q6</subfield>
      <subfield code="e"/>
      <subfield code="8">CG</subfield>
    </datafield>
    <datafield tag="952" ind1=" " ind2=" ">
      <subfield code="a">BIB_RECT</subfield>
      <subfield code="b">BIB_UARG</subfield>
      <subfield code="d">2006-08-28</subfield>
      <subfield code="y">BK</subfield>
      <subfield code="p">05-07133</subfield>
      <subfield code="i">05-07133</subfield>
      <subfield code="g"/>
      <subfield code="o">001.1 C438q6</subfield>
      <subfield code="e"/>
      <subfield code="8">CG</subfield>
    </datafield>
    <datafield tag="952" ind1=" " ind2=" ">
      <subfield code="a">BIB_RECT</subfield>
      <subfield code="b">BIB_UARG</subfield>
      <subfield code="d">2006-08-28</subfield>
      <subfield code="y">BK</subfield>
      <subfield code="p">05-07178</subfield>
      <subfield code="i">05-07178</subfield>
      <subfield code="g">0</subfield>
      <subfield code="o">001.1 C438q6</subfield>
      <subfield code="e"/>
      <subfield code="8">CG</subfield>
    </datafield>
    <datafield tag="952" ind1=" " ind2=" ">
      <subfield code="a">BIB_RECT</subfield>
      <subfield code="b">BIB_UARG</subfield>
      <subfield code="d">2006-08-28</subfield>
      <subfield code="y">BK</subfield>
      <subfield code="p">05-07225</subfield>
      <subfield code="i">05-07225</subfield>
      <subfield code="g">0</subfield>
      <subfield code="o">001.1 C438q6</subfield>
      <subfield code="e"/>
      <subfield code="8">CG</subfield>
    </datafield>
    <datafield tag="952" ind1=" " ind2=" ">
      <subfield code="a">BIB_RECT</subfield>
      <subfield code="b">BIB_UARG</subfield>
      <subfield code="d">2006-08-28</subfield>
      <subfield code="y">BK</subfield>
      <subfield code="p">05-07275</subfield>
      <subfield code="i">05-07275</subfield>
      <subfield code="g"/>
      <subfield code="o">001.1 C438q6</subfield>
      <subfield code="e"/>
      <subfield code="8">CG</subfield>
    </datafield>
    <datafield tag="952" ind1=" " ind2=" ">
      <subfield code="a">BIB_RECT</subfield>
      <subfield code="b">BIB_UARG</subfield>
      <subfield code="d">2006-08-28</subfield>
      <subfield code="y">BK</subfield>
      <subfield code="p">05-07340</subfield>
      <subfield code="i">05-07340</subfield>
      <subfield code="g">0</subfield>
      <subfield code="o">001.1 C438q6</subfield>
      <subfield code="e"/>
      <subfield code="8">CG</subfield>
    </datafield>
    <datafield tag="952" ind1=" " ind2=" ">
      <subfield code="a">BIB_RECT</subfield>
      <subfield code="b">BIB_UARG</subfield>
      <subfield code="d">2006-08-28</subfield>
      <subfield code="y">BK</subfield>
      <subfield code="p">05-09720</subfield>
      <subfield code="i">05-09720</subfield>
      <subfield code="g">0</subfield>
      <subfield code="o">001.1 C438q6</subfield>
      <subfield code="e"/>
      <subfield code="8">CG</subfield>
    </datafield>
    <datafield tag="952" ind1=" " ind2=" ">
      <subfield code="a">BIB_RECT</subfield>
      <subfield code="b">BIB_UARG</subfield>
      <subfield code="d">2006-08-28</subfield>
      <subfield code="y">BK</subfield>
      <subfield code="p">05-09721</subfield>
      <subfield code="i">05-09721</subfield>
      <subfield code="g"/>
      <subfield code="o">001.1 C438q6</subfield>
      <subfield code="e"/>
      <subfield code="8">CG</subfield>
    </datafield>
    <datafield tag="952" ind1=" " ind2=" ">
      <subfield code="a">BIB_RECT</subfield>
      <subfield code="b">BIB_UARG</subfield>
      <subfield code="d">2006-08-28</subfield>
      <subfield code="y">BK</subfield>
      <subfield code="p">05-09722</subfield>
      <subfield code="i">05-09722</subfield>
      <subfield code="g">0</subfield>
      <subfield code="o">001.1 C438q6</subfield>
      <subfield code="e"/>
      <subfield code="8">CG</subfield>
    </datafield>
    <datafield tag="952" ind1=" " ind2=" ">
      <subfield code="a">BIB_RECT</subfield>
      <subfield code="b">BIB_UARG</subfield>
      <subfield code="d">2006-08-28</subfield>
      <subfield code="y">BK</subfield>
      <subfield code="p">05-12365</subfield>
      <subfield code="i">05-12365</subfield>
      <subfield code="g">0</subfield>
      <subfield code="o">001.1 C438q6</subfield>
      <subfield code="e"/>
      <subfield code="8">CG</subfield>
    </datafield>
    <datafield tag="952" ind1=" " ind2=" ">
      <subfield code="a">BIB_RECT</subfield>
      <subfield code="b">SAT_TRUN</subfield>
      <subfield code="d">2005-08-23</subfield>
      <subfield code="y">BK</subfield>
      <subfield code="p">10-04540</subfield>
      <subfield code="i">10-04540</subfield>
      <subfield code="g">11</subfield>
      <subfield code="o">001.1 C438q6</subfield>
      <subfield code="e">FOMEC585</subfield>
      <subfield code="8">CG</subfield>
    </datafield>
    <datafield tag="952" ind1=" " ind2=" ">
      <subfield code="a">BIB_RECT</subfield>
      <subfield code="b">SAT_TRUN</subfield>
      <subfield code="d">2005-08-23</subfield>
      <subfield code="y">BK</subfield>
      <subfield code="p">10-04541</subfield>
      <subfield code="i">10-04541</subfield>
      <subfield code="g">11</subfield>
      <subfield code="o">001.1 C438q6</subfield>
      <subfield code="e">FOMEC585</subfield>
      <subfield code="8">CG</subfield>
    </datafield>
  </record>