
  <record>
    <leader>01000aam  22002601a 4500</leader>
    <controlfield tag="001">YPZ4037</controlfield>
    <controlfield tag="003">YPZ</controlfield>
    <controlfield tag="005">200406240000000</controlfield>
    <controlfield tag="008">040624|###########||||||b||||||||||spa|d</controlfield>
    <datafield tag="020" ind1=" " ind2=" ">
      <subfield code="a">9509687499</subfield>
    </datafield>
    <datafield tag="040" ind1=" " ind2=" ">
      <subfield code="c">SIUNPA</subfield>
    </datafield>
    <datafield tag="041" ind1=" " ind2=" ">
      <subfield code="a">spa</subfield>
    </datafield>
    <datafield tag="044" ind1=" " ind2=" ">
      <subfield code="a">AR</subfield>
    </datafield>
    <datafield tag="080" ind1=" " ind2=" ">
      <subfield code="a">336 F293p</subfield>
    </datafield>
    <datafield tag="100" ind1=" " ind2=" ">
      <subfield code="a">Rivera, Iris.</subfield>
    </datafield>
    <datafield tag="700" ind1=" " ind2=" ">
      <subfield code="a">Dayán, Eduardo M..</subfield>
    </datafield>
    <datafield tag="700" ind1=" " ind2=" ">
      <subfield code="a">Mainé, Margarita A..</subfield>
    </datafield>
    <datafield tag="700" ind1=" " ind2=" ">
      <subfield code="a">Fortunato de Cóccola, Lucía.</subfield>
    </datafield>
    <datafield tag="700" ind1=" " ind2=" ">
      <subfield code="a">Álvarez, Norma Noemí.</subfield>
    </datafield>
    <datafield tag="700" ind1=" " ind2=" ">
      <subfield code="a">Gadea de Leiguarda, Estela María.</subfield>
    </datafield>
    <datafield tag="700" ind1=" " ind2=" ">
      <subfield code="a">Schapira, Carlos Gabriel.</subfield>
    </datafield>
    <datafield tag="700" ind1=" " ind2=" ">
      <subfield code="a">Tonelli, Luis.</subfield>
    </datafield>
    <datafield tag="700" ind1=" " ind2=" ">
      <subfield code="a">Vaca, Sergio Gabriel.</subfield>
    </datafield>
    <datafield tag="110" ind1=" " ind2=" ">
      <subfield code="a">Federación Argentina de Consejos Profesionales de Ciencias Económicas. Centro de Estudios Científicos y Técnicos.</subfield>
    </datafield>
    <datafield tag="245" ind1=" " ind2=" ">
      <subfield code="a">Premio anual 1995/96</subfield>
      <subfield code="b"> : Federalismo fiscal y coparticipación federal de impuestos. Una propuesta equitativa y solidaria</subfield>
    </datafield>
    <datafield tag="260" ind1=" " ind2=" ">
      <subfield code="a">Buenos Aires</subfield>
      <subfield code="b"> : Federación Argentina de Consejos Profesionales de Ciencias Económicas</subfield>
      <subfield code="c"> , 1997</subfield>
    </datafield>
    <datafield tag="500" ind1=" " ind2=" ">
      <subfield code="a">Federalismo fiscal y coparticipación federal de impuestos: una propuesta equitativa y solidaria. 1er premio / Marcelo Luis Capello, Carlos A. José Ponce (p. 9-105) -- Federalismo fiscal y coparticipación impositiva en un marco de equidad y solidaridad. 2do premio / Miguel Angel Asensio (p.107-202) -- La coparticipación federal de impuestos y las exigencias constitucionales 1994. 3er premio / Raúl Miguel Olazábal (p. 201-326)</subfield>
    </datafield>
    <datafield tag="650" ind1=" " ind2=" ">
      <subfield code="a"> ADMINISTRACION PUBLICA</subfield>
    </datafield>
    <datafield tag="650" ind1=" " ind2=" ">
      <subfield code="a"> ADMINISTRACION TRIBUTARIA</subfield>
    </datafield>
    <datafield tag="650" ind1=" " ind2=" ">
      <subfield code="a"> GASTO FISCAL</subfield>
    </datafield>
    <datafield tag="650" ind1=" " ind2=" ">
      <subfield code="a"> IMPUESTOS</subfield>
    </datafield>
    <datafield tag="650" ind1=" " ind2=" ">
      <subfield code="a"> ARGENTINA</subfield>
    </datafield>
    <datafield tag="942" ind1=" " ind2=" ">
      <subfield code="c">BK</subfield>
    </datafield>
    <datafield tag="952" ind1=" " ind2=" ">
      <subfield code="a">BIB_RECT</subfield>
      <subfield code="b">BIB_UACO</subfield>
      <subfield code="d">2005-08-23</subfield>
      <subfield code="y">BK</subfield>
      <subfield code="p">02-02261</subfield>
      <subfield code="i">02-02261</subfield>
      <subfield code="g">15</subfield>
      <subfield code="o">336 F293p</subfield>
      <subfield code="e">Donación Capello</subfield>
      <subfield code="8">CG</subfield>
    </datafield>
  </record>