
  <record>
    <leader>01000aam  22002601a 4500</leader>
    <controlfield tag="001">YPZ4047</controlfield>
    <controlfield tag="003">YPZ</controlfield>
    <controlfield tag="005">200404290000000</controlfield>
    <controlfield tag="008">040429|###########||||||b||||||||||spa|d</controlfield>
    <datafield tag="020" ind1=" " ind2=" ">
      <subfield code="a">9509779288 (v.1)</subfield>
    </datafield>
    <datafield tag="020" ind1=" " ind2=" ">
      <subfield code="a">9509779296 (v.2)</subfield>
    </datafield>
    <datafield tag="020" ind1=" " ind2=" ">
      <subfield code="a">950977927X (o.c.)</subfield>
    </datafield>
    <datafield tag="040" ind1=" " ind2=" ">
      <subfield code="c">SIUNPA</subfield>
    </datafield>
    <datafield tag="041" ind1=" " ind2=" ">
      <subfield code="a">spa</subfield>
    </datafield>
    <datafield tag="044" ind1=" " ind2=" ">
      <subfield code="a">AR</subfield>
    </datafield>
    <datafield tag="080" ind1=" " ind2=" ">
      <subfield code="a">316.2 C354i</subfield>
    </datafield>
    <datafield tag="100" ind1=" " ind2=" ">
      <subfield code="a">Castoriadis, Cornelius.</subfield>
    </datafield>
    <datafield tag="245" ind1=" " ind2=" ">
      <subfield code="a">La institución imaginaria de la sociedad</subfield>
      <subfield code="c"> / Vicens, Antoni, tr. ; Galmarini, Marco-Aurelio, trad.</subfield>
    </datafield>
    <datafield tag="250" ind1=" " ind2=" ">
      <subfield code="a">1a ed., 2a reimpr.</subfield>
    </datafield>
    <datafield tag="260" ind1=" " ind2=" ">
      <subfield code="a">Buenos Aires</subfield>
      <subfield code="b"> : Tusquets</subfield>
      <subfield code="c"> , 2003</subfield>
    </datafield>
    <datafield tag="440" ind1=" " ind2=" ">
      <subfield code="a">Educación crítica y debate</subfield>
      <subfield code="a"/>
      <subfield code="a">Colección políticas públicas</subfield>
      <subfield code="a">Colección aprendizaje y subjetividad</subfield>
      <subfield code="a">Serie educación internacional</subfield>
      <subfield code="a"/>
      <subfield code="a">Colección aprendizaje y subjetividad</subfield>
      <subfield code="a">Serie Historia moderna</subfield>
      <subfield code="a">Serie mayor</subfield>
      <subfield code="a">Estudios de psicoanálisis</subfield>
      <subfield code="a">Cuadernos de tributación</subfield>
      <subfield code="a">Cuadernos de tributación</subfield>
      <subfield code="a">Cuadernos de tributación</subfield>
      <subfield code="a">Biblioteca para padres y educadores</subfield>
      <subfield code="a">Colección apuntes</subfield>
      <subfield code="a">Colección apuntes</subfield>
      <subfield code="a">Colección apuntes</subfield>
      <subfield code="a">Acracia</subfield>
      <subfield code="v">33-34</subfield>
    </datafield>
    <datafield tag="490" ind1=" " ind2=" ">
      <subfield code="a">Educación crítica y debate</subfield>
      <subfield code="a"/>
      <subfield code="a">Colección políticas públicas</subfield>
      <subfield code="a">Colección aprendizaje y subjetividad</subfield>
      <subfield code="a">Serie educación internacional</subfield>
      <subfield code="a"/>
      <subfield code="a">Colección aprendizaje y subjetividad</subfield>
      <subfield code="a">Serie Historia moderna</subfield>
      <subfield code="a">Serie mayor</subfield>
      <subfield code="a">Estudios de psicoanálisis</subfield>
      <subfield code="a">Cuadernos de tributación</subfield>
      <subfield code="a">Cuadernos de tributación</subfield>
      <subfield code="a">Cuadernos de tributación</subfield>
      <subfield code="a">Biblioteca para padres y educadores</subfield>
      <subfield code="a">Colección apuntes</subfield>
      <subfield code="a">Colección apuntes</subfield>
      <subfield code="a">Colección apuntes</subfield>
      <subfield code="a">Acracia</subfield>
      <subfield code="v">33-34</subfield>
    </datafield>
    <datafield tag="500" ind1=" " ind2=" ">
      <subfield code="a">Contiene: v.1. Marxismo y teoría revolucionaria -- v.2. El imaginario social y la institución</subfield>
    </datafield>
    <datafield tag="650" ind1=" " ind2=" ">
      <subfield code="a"> SOCIOLOGIA</subfield>
    </datafield>
    <datafield tag="650" ind1=" " ind2=" ">
      <subfield code="a"> TEORIA SOCIAL</subfield>
    </datafield>
    <datafield tag="650" ind1=" " ind2=" ">
      <subfield code="a"> SOCIALISMO</subfield>
    </datafield>
    <datafield tag="650" ind1=" " ind2=" ">
      <subfield code="a"> MARXISMO</subfield>
    </datafield>
    <datafield tag="942" ind1=" " ind2=" ">
      <subfield code="c">BK</subfield>
    </datafield>
    <datafield tag="952" ind1=" " ind2=" ">
      <subfield code="a">BIB_RECT</subfield>
      <subfield code="b">BIB_UARG</subfield>
      <subfield code="d">2005-08-23</subfield>
      <subfield code="y">BK</subfield>
      <subfield code="p">05-23415</subfield>
      <subfield code="i">05-23415</subfield>
      <subfield code="g">15</subfield>
      <subfield code="o">316.2 C354i</subfield>
      <subfield code="e">Compra U.E./03</subfield>
      <subfield code="8">CG</subfield>
    </datafield>
    <datafield tag="952" ind1=" " ind2=" ">
      <subfield code="a">BIB_RECT</subfield>
      <subfield code="b">BIB_UARG</subfield>
      <subfield code="d">2005-08-23</subfield>
      <subfield code="y">BK</subfield>
      <subfield code="p">05-23416</subfield>
      <subfield code="i">05-23416</subfield>
      <subfield code="g">15</subfield>
      <subfield code="o">316.2 C354i</subfield>
      <subfield code="e">Compra U.E./03</subfield>
      <subfield code="8">CG</subfield>
    </datafield>
  </record>