
  <record>
    <leader>01000aam  22002601a 4500</leader>
    <controlfield tag="001">YPZ4118</controlfield>
    <controlfield tag="003">YPZ</controlfield>
    <controlfield tag="005">200503090000000</controlfield>
    <controlfield tag="008">050309|###########||||||b||||||||||spa|d</controlfield>
    <datafield tag="020" ind1=" " ind2=" ">
      <subfield code="a">9580610223</subfield>
    </datafield>
    <datafield tag="040" ind1=" " ind2=" ">
      <subfield code="c">SIUNPA</subfield>
    </datafield>
    <datafield tag="041" ind1=" " ind2=" ">
      <subfield code="a">spa</subfield>
    </datafield>
    <datafield tag="044" ind1=" " ind2=" ">
      <subfield code="a">CO</subfield>
    </datafield>
    <datafield tag="080" ind1=" " ind2=" ">
      <subfield code="a">821.14'02 T765t</subfield>
    </datafield>
    <datafield tag="245" ind1=" " ind2=" ">
      <subfield code="a">Tragedias griegas</subfield>
    </datafield>
    <datafield tag="250" ind1=" " ind2=" ">
      <subfield code="a">2a ed.</subfield>
    </datafield>
    <datafield tag="260" ind1=" " ind2=" ">
      <subfield code="a">Bogotá</subfield>
      <subfield code="b"> : Oveja negra</subfield>
      <subfield code="c"> , 2002</subfield>
    </datafield>
    <datafield tag="500" ind1=" " ind2=" ">
      <subfield code="a">Contenido:  Prometeo encadenado / Esquilo - Edipo rey / Sófocles - Antígona / Sófocles - Lisístrata / Aristófanes - Las Bacantes / Eurípides - Medea / Eurípides</subfield>
    </datafield>
    <datafield tag="650" ind1=" " ind2=" ">
      <subfield code="a"> TEATRO GRIEGO</subfield>
    </datafield>
    <datafield tag="650" ind1=" " ind2=" ">
      <subfield code="a"> ANTOLOGIA</subfield>
    </datafield>
    <datafield tag="505" ind1="0" ind2="0">
      <subfield code="g">p. 9-41</subfield>
      <subfield code="g">TEATRO GRIEGO</subfield>
      <subfield code="r">Esquilo</subfield>
      <subfield code="t">Prometeo encadenado</subfield>
    </datafield>
    <datafield tag="505" ind1="0" ind2="0">
      <subfield code="g">p. 43-87</subfield>
      <subfield code="g">TEATRO GRIEGO</subfield>
      <subfield code="r">Sófocles</subfield>
      <subfield code="t">Edipo rey</subfield>
    </datafield>
    <datafield tag="505" ind1="0" ind2="0">
      <subfield code="g">p. 89-125</subfield>
      <subfield code="g">TEATRO GRIEGO</subfield>
      <subfield code="r">Sófocles</subfield>
      <subfield code="t">Antígona</subfield>
    </datafield>
    <datafield tag="505" ind1="0" ind2="0">
      <subfield code="g">p. 127-181</subfield>
      <subfield code="g">TEATRO GRIEGO</subfield>
      <subfield code="r">Aristófanes</subfield>
      <subfield code="t">Lisístrata</subfield>
    </datafield>
    <datafield tag="505" ind1="0" ind2="0">
      <subfield code="g">p. 183-227</subfield>
      <subfield code="g">TEATRO GRIEGO</subfield>
      <subfield code="r">Eurípides</subfield>
      <subfield code="t">Las Bacantes</subfield>
    </datafield>
    <datafield tag="505" ind1="0" ind2="0">
      <subfield code="g">p. 229-269</subfield>
      <subfield code="g">TEATRO GRIEGO</subfield>
      <subfield code="r">Eurípides</subfield>
      <subfield code="t">Medea</subfield>
    </datafield>
    <datafield tag="773" ind1="0" ind2="#">
      <subfield code="a">Esquilo</subfield>
      <subfield code="g">TEATRO GRIEGO</subfield>
      <subfield code="h">p. 9-41</subfield>
      <subfield code="t">Prometeo encadenado</subfield>
    </datafield>
    <datafield tag="773" ind1="0" ind2="#">
      <subfield code="a">Sófocles</subfield>
      <subfield code="g">TEATRO GRIEGO</subfield>
      <subfield code="h">p. 43-87</subfield>
      <subfield code="t">Edipo rey</subfield>
    </datafield>
    <datafield tag="773" ind1="0" ind2="#">
      <subfield code="a">Sófocles</subfield>
      <subfield code="g">TEATRO GRIEGO</subfield>
      <subfield code="h">p. 89-125</subfield>
      <subfield code="t">Antígona</subfield>
    </datafield>
    <datafield tag="773" ind1="0" ind2="#">
      <subfield code="a">Aristófanes</subfield>
      <subfield code="g">TEATRO GRIEGO</subfield>
      <subfield code="h">p. 127-181</subfield>
      <subfield code="t">Lisístrata</subfield>
    </datafield>
    <datafield tag="773" ind1="0" ind2="#">
      <subfield code="a">Eurípides</subfield>
      <subfield code="g">TEATRO GRIEGO</subfield>
      <subfield code="h">p. 183-227</subfield>
      <subfield code="t">Las Bacantes</subfield>
    </datafield>
    <datafield tag="773" ind1="0" ind2="#">
      <subfield code="a">Eurípides</subfield>
      <subfield code="g">TEATRO GRIEGO</subfield>
      <subfield code="h">p. 229-269</subfield>
      <subfield code="t">Medea</subfield>
    </datafield>
    <datafield tag="942" ind1=" " ind2=" ">
      <subfield code="c">BK</subfield>
    </datafield>
    <datafield tag="952" ind1=" " ind2=" ">
      <subfield code="a">BIB_RECT</subfield>
      <subfield code="b">BIB_UART</subfield>
      <subfield code="d">2005-08-23</subfield>
      <subfield code="y">BK</subfield>
      <subfield code="p">03-26979</subfield>
      <subfield code="i">03-26979</subfield>
      <subfield code="g">21</subfield>
      <subfield code="o">821.14'02 T765t</subfield>
      <subfield code="e">SIUNPA</subfield>
      <subfield code="8">CG</subfield>
    </datafield>
  </record>