
  <record>
    <leader>01000aam  22002601a 4500</leader>
    <controlfield tag="001">YPZ4144</controlfield>
    <controlfield tag="003">YPZ</controlfield>
    <controlfield tag="005">200506140000000</controlfield>
    <controlfield tag="008">050614|###########||||||b||||||||||spa|d</controlfield>
    <datafield tag="020" ind1=" " ind2=" ">
      <subfield code="a">9681200225 (t.20)</subfield>
    </datafield>
    <datafield tag="020" ind1=" " ind2=" ">
      <subfield code="a">9681200250 (o.c.)</subfield>
    </datafield>
    <datafield tag="040" ind1=" " ind2=" ">
      <subfield code="c">SIUNPA</subfield>
    </datafield>
    <datafield tag="041" ind1=" " ind2=" ">
      <subfield code="a">spa</subfield>
    </datafield>
    <datafield tag="044" ind1=" " ind2=" ">
      <subfield code="a">MX</subfield>
    </datafield>
    <datafield tag="080" ind1=" " ind2=" ">
      <subfield code="a">94(72) H673h</subfield>
    </datafield>
    <datafield tag="100" ind1=" " ind2=" ">
      <subfield code="a">Medina, Luis.</subfield>
    </datafield>
    <datafield tag="245" ind1=" " ind2=" ">
      <subfield code="a">Historia de la revolución mexicana, 1940-1952</subfield>
      <subfield code="b"> : civilismo y modernización del autoritarismo</subfield>
    </datafield>
    <datafield tag="250" ind1=" " ind2=" ">
      <subfield code="a">1a ed., 3a reimpr.</subfield>
    </datafield>
    <datafield tag="260" ind1=" " ind2=" ">
      <subfield code="a">México, D.F.</subfield>
      <subfield code="b"> : El Colegio de México</subfield>
      <subfield code="c"> , 2002</subfield>
    </datafield>
    <datafield tag="440" ind1=" " ind2=" ">
      <subfield code="a">Censo'91. Serie C</subfield>
      <subfield code="a">Censo'91. Serie C</subfield>
      <subfield code="a">Censo'91. Serie C</subfield>
      <subfield code="a">Censo'91. Serie C</subfield>
      <subfield code="a">Censo'91. Serie C</subfield>
      <subfield code="a">Censo'91. Serie C</subfield>
      <subfield code="a">Censo'91. Serie C</subfield>
      <subfield code="a">Censo'91. Serie C</subfield>
      <subfield code="a">Censo'91. Serie C</subfield>
      <subfield code="a">Censo'91. Serie C</subfield>
      <subfield code="a">Censo'91. Serie C</subfield>
      <subfield code="a">Censo'91. Serie C</subfield>
      <subfield code="a">Censo'91. Serie C</subfield>
      <subfield code="a">Censo'91. Serie C</subfield>
      <subfield code="a">Censo'91. Serie C</subfield>
      <subfield code="a">Censo'91. Serie C</subfield>
      <subfield code="a">Censo'91. Serie C</subfield>
      <subfield code="a">Censo'91. Serie C</subfield>
      <subfield code="a">Censo'91. Serie C</subfield>
      <subfield code="a">Serie 2. Ensayos</subfield>
      <subfield code="a">Biblioteca pedagógica</subfield>
      <subfield code="a">Colección Archi-piélagos</subfield>
      <subfield code="a">ICSA/Hvmanitas</subfield>
      <subfield code="a">Colección gestión universitaria</subfield>
      <subfield code="a">Estudios Internacionales</subfield>
      <subfield code="a">Colección cara y cruz</subfield>
      <subfield code="a">Colección cara y cruz</subfield>
      <subfield code="a">Colección cara y cruz</subfield>
      <subfield code="a">Colección Torre de papel. Amarilla</subfield>
      <subfield code="a">Colección milenio</subfield>
      <subfield code="a">Colección triángulos pedagógicos</subfield>
      <subfield code="a">Serie norma de desarrollo gerencial</subfield>
      <subfield code="a">Colección vitral. Literatura y ensayo</subfield>
      <subfield code="a">Colección el dorado</subfield>
      <subfield code="a">Colección el dorado</subfield>
      <subfield code="a">Gerencia</subfield>
      <subfield code="a">Gerencia</subfield>
      <subfield code="a">Colección didácticas</subfield>
      <subfield code="a">Schaum</subfield>
      <subfield code="a">Smart</subfield>
      <subfield code="a">Serie McGraw-Hill de management</subfield>
      <subfield code="a">Economía Internacional</subfield>
      <subfield code="a">Historia de la revolución mexicana</subfield>
      <subfield code="v">20</subfield>
    </datafield>
    <datafield tag="490" ind1=" " ind2=" ">
      <subfield code="a">Censo'91. Serie C</subfield>
      <subfield code="a">Censo'91. Serie C</subfield>
      <subfield code="a">Censo'91. Serie C</subfield>
      <subfield code="a">Censo'91. Serie C</subfield>
      <subfield code="a">Censo'91. Serie C</subfield>
      <subfield code="a">Censo'91. Serie C</subfield>
      <subfield code="a">Censo'91. Serie C</subfield>
      <subfield code="a">Censo'91. Serie C</subfield>
      <subfield code="a">Censo'91. Serie C</subfield>
      <subfield code="a">Censo'91. Serie C</subfield>
      <subfield code="a">Censo'91. Serie C</subfield>
      <subfield code="a">Censo'91. Serie C</subfield>
      <subfield code="a">Censo'91. Serie C</subfield>
      <subfield code="a">Censo'91. Serie C</subfield>
      <subfield code="a">Censo'91. Serie C</subfield>
      <subfield code="a">Censo'91. Serie C</subfield>
      <subfield code="a">Censo'91. Serie C</subfield>
      <subfield code="a">Censo'91. Serie C</subfield>
      <subfield code="a">Censo'91. Serie C</subfield>
      <subfield code="a">Serie 2. Ensayos</subfield>
      <subfield code="a">Biblioteca pedagógica</subfield>
      <subfield code="a">Colección Archi-piélagos</subfield>
      <subfield code="a">ICSA/Hvmanitas</subfield>
      <subfield code="a">Colección gestión universitaria</subfield>
      <subfield code="a">Estudios Internacionales</subfield>
      <subfield code="a">Colección cara y cruz</subfield>
      <subfield code="a">Colección cara y cruz</subfield>
      <subfield code="a">Colección cara y cruz</subfield>
      <subfield code="a">Colección Torre de papel. Amarilla</subfield>
      <subfield code="a">Colección milenio</subfield>
      <subfield code="a">Colección triángulos pedagógicos</subfield>
      <subfield code="a">Serie norma de desarrollo gerencial</subfield>
      <subfield code="a">Colección vitral. Literatura y ensayo</subfield>
      <subfield code="a">Colección el dorado</subfield>
      <subfield code="a">Colección el dorado</subfield>
      <subfield code="a">Gerencia</subfield>
      <subfield code="a">Gerencia</subfield>
      <subfield code="a">Colección didácticas</subfield>
      <subfield code="a">Schaum</subfield>
      <subfield code="a">Smart</subfield>
      <subfield code="a">Serie McGraw-Hill de management</subfield>
      <subfield code="a">Economía Internacional</subfield>
      <subfield code="a">Historia de la revolución mexicana</subfield>
      <subfield code="v">20</subfield>
    </datafield>
    <datafield tag="650" ind1=" " ind2=" ">
      <subfield code="a"> HISTORIA DE MEXICO</subfield>
    </datafield>
    <datafield tag="650" ind1=" " ind2=" ">
      <subfield code="a"> SIGLO XX</subfield>
    </datafield>
    <datafield tag="942" ind1=" " ind2=" ">
      <subfield code="c">BK</subfield>
    </datafield>
    <datafield tag="952" ind1=" " ind2=" ">
      <subfield code="a">BIB_RECT</subfield>
      <subfield code="b">BIB_UASJ</subfield>
      <subfield code="d">2005-08-23</subfield>
      <subfield code="y">BK</subfield>
      <subfield code="p">04-27440</subfield>
      <subfield code="i">04-27440</subfield>
      <subfield code="g">35</subfield>
      <subfield code="o">94(72) H673h</subfield>
      <subfield code="e">Donación México</subfield>
      <subfield code="8">CG</subfield>
    </datafield>
    <datafield tag="952" ind1=" " ind2=" ">
      <subfield code="a">BIB_RECT</subfield>
      <subfield code="b">BIB_UASJ</subfield>
      <subfield code="d">2008-07-29</subfield>
      <subfield code="y">BK</subfield>
      <subfield code="p">04-36147</subfield>
      <subfield code="i">04-36147</subfield>
      <subfield code="g">35</subfield>
      <subfield code="o">94(72) H673h</subfield>
      <subfield code="e">México</subfield>
      <subfield code="8">CG</subfield>
    </datafield>
    <datafield tag="952" ind1=" " ind2=" ">
      <subfield code="a">BIB_RECT</subfield>
      <subfield code="b">BIB_UASJ</subfield>
      <subfield code="d">2008-07-29</subfield>
      <subfield code="y">BK</subfield>
      <subfield code="p">04-36148</subfield>
      <subfield code="i">04-36148</subfield>
      <subfield code="g">35</subfield>
      <subfield code="o">94(72) H673h</subfield>
      <subfield code="e">México</subfield>
      <subfield code="8">CG</subfield>
    </datafield>
  </record>