
  <record>
    <leader>01000aam  22002601a 4500</leader>
    <controlfield tag="001">YPZ4236</controlfield>
    <controlfield tag="003">YPZ</controlfield>
    <controlfield tag="005">200404290000000</controlfield>
    <controlfield tag="008">040429|###########||||||b||||||||||spa|d</controlfield>
    <datafield tag="020" ind1=" " ind2=" ">
      <subfield code="a">9681656563</subfield>
    </datafield>
    <datafield tag="040" ind1=" " ind2=" ">
      <subfield code="c">SIUNPA</subfield>
    </datafield>
    <datafield tag="041" ind1=" " ind2=" ">
      <subfield code="a">spa</subfield>
    </datafield>
    <datafield tag="044" ind1=" " ind2=" ">
      <subfield code="a">MX</subfield>
    </datafield>
    <datafield tag="080" ind1=" " ind2=" ">
      <subfield code="a">303 H893f2</subfield>
    </datafield>
    <datafield tag="100" ind1=" " ind2=" ">
      <subfield code="a">Hughes, John.</subfield>
    </datafield>
    <datafield tag="700" ind1=" " ind2=" ">
      <subfield code="a">Sharrock, Wes.</subfield>
    </datafield>
    <datafield tag="245" ind1=" " ind2=" ">
      <subfield code="a">La filosofía de la investigación social</subfield>
      <subfield code="c"> / Utrilla de Neira, Mónica, tr.</subfield>
    </datafield>
    <datafield tag="250" ind1=" " ind2=" ">
      <subfield code="a">2a ed. en español</subfield>
    </datafield>
    <datafield tag="260" ind1=" " ind2=" ">
      <subfield code="a">México, D.F.</subfield>
      <subfield code="b"> : Fondo de Cultura Económica</subfield>
      <subfield code="c"> , 1999</subfield>
    </datafield>
    <datafield tag="300" ind1=" " ind2=" ">
      <subfield code="a">v. : </subfield>
      <subfield code="a">506 p. : </subfield>
    </datafield>
    <datafield tag="440" ind1=" " ind2=" ">
      <subfield code="a">Sección obras de Educación y Pedagogía</subfield>
      <subfield code="a">Colección tierra firme</subfield>
      <subfield code="a">Sección de obras de historia</subfield>
      <subfield code="a">Sección de obras de historia</subfield>
      <subfield code="a">Sección de obras de política y derecho</subfield>
      <subfield code="a">Textos de economía</subfield>
      <subfield code="a">Clásicos de Economía</subfield>
      <subfield code="a">Letras mexicanas</subfield>
      <subfield code="a">Sección de obras de Antropología</subfield>
      <subfield code="a">Sección de obras de historia. Serie Américas</subfield>
      <subfield code="a">Brevarios del Fondo de Cultura Económica</subfield>
      <subfield code="v">419</subfield>
    </datafield>
    <datafield tag="490" ind1=" " ind2=" ">
      <subfield code="a">Sección obras de Educación y Pedagogía</subfield>
      <subfield code="a">Colección tierra firme</subfield>
      <subfield code="a">Sección de obras de historia</subfield>
      <subfield code="a">Sección de obras de historia</subfield>
      <subfield code="a">Sección de obras de política y derecho</subfield>
      <subfield code="a">Textos de economía</subfield>
      <subfield code="a">Clásicos de Economía</subfield>
      <subfield code="a">Letras mexicanas</subfield>
      <subfield code="a">Sección de obras de Antropología</subfield>
      <subfield code="a">Sección de obras de historia. Serie Américas</subfield>
      <subfield code="a">Brevarios del Fondo de Cultura Económica</subfield>
      <subfield code="v">419</subfield>
    </datafield>
    <datafield tag="650" ind1=" " ind2=" ">
      <subfield code="a"> CIENCIAS SOCIALES</subfield>
    </datafield>
    <datafield tag="650" ind1=" " ind2=" ">
      <subfield code="a"> INVESTIGACION SOCIAL</subfield>
    </datafield>
    <datafield tag="650" ind1=" " ind2=" ">
      <subfield code="a"> FILOSOFIA DE LA CIENCIA</subfield>
    </datafield>
    <datafield tag="650" ind1=" " ind2=" ">
      <subfield code="a"> POSITIVISMO</subfield>
    </datafield>
    <datafield tag="942" ind1=" " ind2=" ">
      <subfield code="c">BK</subfield>
    </datafield>
    <datafield tag="952" ind1=" " ind2=" ">
      <subfield code="a">BIB_RECT</subfield>
      <subfield code="b">BIB_UACO</subfield>
      <subfield code="d">2005-08-23</subfield>
      <subfield code="y">BK</subfield>
      <subfield code="p">02-07421</subfield>
      <subfield code="i">02-07421</subfield>
      <subfield code="g">30</subfield>
      <subfield code="o">303 H893f2</subfield>
      <subfield code="e">Proyecto de investig</subfield>
      <subfield code="8">CG</subfield>
    </datafield>
  </record>