
  <record>
    <leader>01000aam  22002601a 4500</leader>
    <controlfield tag="001">YPZ4341</controlfield>
    <controlfield tag="003">YPZ</controlfield>
    <controlfield tag="005">200411240000000</controlfield>
    <controlfield tag="008">041124|###########||||||b||||||||||spa|d</controlfield>
    <datafield tag="020" ind1=" " ind2=" ">
      <subfield code="a">9682410487</subfield>
    </datafield>
    <datafield tag="040" ind1=" " ind2=" ">
      <subfield code="c">SIUNPA</subfield>
    </datafield>
    <datafield tag="041" ind1=" " ind2=" ">
      <subfield code="a">spa</subfield>
    </datafield>
    <datafield tag="044" ind1=" " ind2=" ">
      <subfield code="a">MX</subfield>
    </datafield>
    <datafield tag="080" ind1=" " ind2=" ">
      <subfield code="a">371.3 C346a</subfield>
    </datafield>
    <datafield tag="100" ind1=" " ind2=" ">
      <subfield code="a">Castañeda Yáñez, Margarita.</subfield>
    </datafield>
    <datafield tag="245" ind1=" " ind2=" ">
      <subfield code="a">Análisis del aprendizaje de conceptos y procedimientos</subfield>
    </datafield>
    <datafield tag="250" ind1=" " ind2=" ">
      <subfield code="a">1a ed., 7a reimpr.</subfield>
    </datafield>
    <datafield tag="260" ind1=" " ind2=" ">
      <subfield code="a">México, D.F.</subfield>
      <subfield code="b"> : Trillas</subfield>
      <subfield code="c"> , 1996</subfield>
    </datafield>
    <datafield tag="300" ind1=" " ind2=" ">
      <subfield code="a">245 p. : </subfield>
      <subfield code="b">cuadros ; </subfield>
    </datafield>
    <datafield tag="440" ind1=" " ind2=" ">
      <subfield code="a">Psicología y Etología</subfield>
      <subfield code="a">Teoría</subfield>
      <subfield code="a">Psicología y Etología</subfield>
      <subfield code="a">Psicología y Etología</subfield>
      <subfield code="a">Sociología y política</subfield>
      <subfield code="a">Economía y demografía</subfield>
      <subfield code="a">Psicología y Etología</subfield>
      <subfield code="a">Sociología y política</subfield>
      <subfield code="a">La creación literaria. Ensayo</subfield>
      <subfield code="a">Textos del Instituto Latinoamericano de Planificación Económica y Social</subfield>
      <subfield code="a">Educación</subfield>
      <subfield code="a">Filosofía</subfield>
      <subfield code="a">Teoría</subfield>
      <subfield code="a">Educación</subfield>
      <subfield code="a">Arquitectura y Urbanismo</subfield>
      <subfield code="a">Ambiente y democracia</subfield>
      <subfield code="a">El mundo del siglo XXI</subfield>
      <subfield code="a">Antropología</subfield>
      <subfield code="a">Educación especial</subfield>
      <subfield code="a">Educación</subfield>
      <subfield code="a">Sociología y política</subfield>
      <subfield code="a">Escuchar con los ojos</subfield>
      <subfield code="a">Sociología y política</subfield>
      <subfield code="a">Cursos básicos para formación de profesores. Área de sistematización de la enseñanza</subfield>
      <subfield code="v">9</subfield>
    </datafield>
    <datafield tag="490" ind1=" " ind2=" ">
      <subfield code="a">Psicología y Etología</subfield>
      <subfield code="a">Teoría</subfield>
      <subfield code="a">Psicología y Etología</subfield>
      <subfield code="a">Psicología y Etología</subfield>
      <subfield code="a">Sociología y política</subfield>
      <subfield code="a">Economía y demografía</subfield>
      <subfield code="a">Psicología y Etología</subfield>
      <subfield code="a">Sociología y política</subfield>
      <subfield code="a">La creación literaria. Ensayo</subfield>
      <subfield code="a">Textos del Instituto Latinoamericano de Planificación Económica y Social</subfield>
      <subfield code="a">Educación</subfield>
      <subfield code="a">Filosofía</subfield>
      <subfield code="a">Teoría</subfield>
      <subfield code="a">Educación</subfield>
      <subfield code="a">Arquitectura y Urbanismo</subfield>
      <subfield code="a">Ambiente y democracia</subfield>
      <subfield code="a">El mundo del siglo XXI</subfield>
      <subfield code="a">Antropología</subfield>
      <subfield code="a">Educación especial</subfield>
      <subfield code="a">Educación</subfield>
      <subfield code="a">Sociología y política</subfield>
      <subfield code="a">Escuchar con los ojos</subfield>
      <subfield code="a">Sociología y política</subfield>
      <subfield code="a">Cursos básicos para formación de profesores. Área de sistematización de la enseñanza</subfield>
      <subfield code="v">9</subfield>
    </datafield>
    <datafield tag="650" ind1=" " ind2=" ">
      <subfield code="a"> APRENDIZAJE</subfield>
    </datafield>
    <datafield tag="650" ind1=" " ind2=" ">
      <subfield code="a"> ACTIVIDADES DE APRENDIZAJE</subfield>
    </datafield>
    <datafield tag="650" ind1=" " ind2=" ">
      <subfield code="a"> METODOS DE ENSEÑANZA</subfield>
    </datafield>
    <datafield tag="942" ind1=" " ind2=" ">
      <subfield code="c">BK</subfield>
    </datafield>
    <datafield tag="952" ind1=" " ind2=" ">
      <subfield code="a">BIB_RECT</subfield>
      <subfield code="b">BIB_UART</subfield>
      <subfield code="d">2005-08-23</subfield>
      <subfield code="y">BK</subfield>
      <subfield code="p">03-26202</subfield>
      <subfield code="i">03-26202</subfield>
      <subfield code="g">39</subfield>
      <subfield code="o">371.3 C346a</subfield>
      <subfield code="e">UART</subfield>
      <subfield code="8">CG</subfield>
    </datafield>
  </record>