
  <record>
    <leader>01000aam  22002601a 4500</leader>
    <controlfield tag="001">YPZ4380</controlfield>
    <controlfield tag="003">YPZ</controlfield>
    <controlfield tag="005">200404290000000</controlfield>
    <controlfield tag="008">040429|###########||||||b||||||||||spa|d</controlfield>
    <datafield tag="020" ind1=" " ind2=" ">
      <subfield code="a">9682613035</subfield>
    </datafield>
    <datafield tag="040" ind1=" " ind2=" ">
      <subfield code="c">SIUNPA</subfield>
    </datafield>
    <datafield tag="041" ind1=" " ind2=" ">
      <subfield code="a">spa</subfield>
    </datafield>
    <datafield tag="044" ind1=" " ind2=" ">
      <subfield code="a">MX</subfield>
    </datafield>
    <datafield tag="080" ind1=" " ind2=" ">
      <subfield code="a">330.8 L262h</subfield>
    </datafield>
    <datafield tag="100" ind1=" " ind2=" ">
      <subfield code="a">Landreth, Harry.</subfield>
    </datafield>
    <datafield tag="700" ind1=" " ind2=" ">
      <subfield code="a">Colander, David C..</subfield>
    </datafield>
    <datafield tag="245" ind1=" " ind2=" ">
      <subfield code="a">Historia del pensamiento económico</subfield>
      <subfield code="c"> / Ruiz Pulido, Luisa Elena, tr. ; Cué Mancera, Agustín, rev. técnica</subfield>
    </datafield>
    <datafield tag="250" ind1=" " ind2=" ">
      <subfield code="a">1a ed.</subfield>
    </datafield>
    <datafield tag="260" ind1=" " ind2=" ">
      <subfield code="a">México, D.F.</subfield>
      <subfield code="b"> : Continental</subfield>
      <subfield code="c"> , 1998</subfield>
    </datafield>
    <datafield tag="300" ind1=" " ind2=" ">
      <subfield code="a">524 p. : </subfield>
    </datafield>
    <datafield tag="650" ind1=" " ind2=" ">
      <subfield code="a"> HISTORIA ECONOMICA  TEORIA ECONOMICA</subfield>
    </datafield>
    <datafield tag="650" ind1=" " ind2=" ">
      <subfield code="a"> DOCTRINA ECONOMICA </subfield>
    </datafield>
    <datafield tag="650" ind1=" " ind2=" ">
      <subfield code="a"> PENSAMIENTO ECONOMICO</subfield>
    </datafield>
    <datafield tag="650" ind1=" " ind2=" ">
      <subfield code="a"> ECONOMIA </subfield>
    </datafield>
    <datafield tag="650" ind1=" " ind2=" ">
      <subfield code="a"> MERCANTILISMO</subfield>
    </datafield>
    <datafield tag="650" ind1=" " ind2=" ">
      <subfield code="a"> ESCUELA NEOCLASICA </subfield>
    </datafield>
    <datafield tag="650" ind1=" " ind2=" ">
      <subfield code="a"> ESCUELAS ECONOMICAS</subfield>
    </datafield>
    <datafield tag="650" ind1=" " ind2=" ">
      <subfield code="a"> ESCUELA CLASICA</subfield>
    </datafield>
    <datafield tag="942" ind1=" " ind2=" ">
      <subfield code="c">BK</subfield>
    </datafield>
    <datafield tag="952" ind1=" " ind2=" ">
      <subfield code="a">BIB_RECT</subfield>
      <subfield code="b">BIB_UACO</subfield>
      <subfield code="d">2005-08-23</subfield>
      <subfield code="y">BK</subfield>
      <subfield code="p">02-21257</subfield>
      <subfield code="i">02-21257</subfield>
      <subfield code="g">40</subfield>
      <subfield code="o">330.8 L262h</subfield>
      <subfield code="e">SIUNPA</subfield>
      <subfield code="8">CG</subfield>
    </datafield>
  </record>