
  <record>
    <leader>01000aam  22002601a 4500</leader>
    <controlfield tag="001">YPZ4401</controlfield>
    <controlfield tag="003">YPZ</controlfield>
    <controlfield tag="005">200412020000000</controlfield>
    <controlfield tag="008">041202|###########||||||b||||||||||spa|d</controlfield>
    <datafield tag="020" ind1=" " ind2=" ">
      <subfield code="a">9683665314</subfield>
    </datafield>
    <datafield tag="040" ind1=" " ind2=" ">
      <subfield code="c">SIUNPA</subfield>
    </datafield>
    <datafield tag="041" ind1=" " ind2=" ">
      <subfield code="a">spa</subfield>
    </datafield>
    <datafield tag="044" ind1=" " ind2=" ">
      <subfield code="a">MX</subfield>
    </datafield>
    <datafield tag="080" ind1=" " ind2=" ">
      <subfield code="a">378 L333p</subfield>
    </datafield>
    <datafield tag="100" ind1=" " ind2=" ">
      <subfield code="a">Larraguivel, Estela Ruiz.</subfield>
    </datafield>
    <datafield tag="245" ind1=" " ind2=" ">
      <subfield code="a">Propuesta de un modelo de evaluación curricular para el nivel superior</subfield>
      <subfield code="b"> : una orientación cualitativa</subfield>
    </datafield>
    <datafield tag="250" ind1=" " ind2=" ">
      <subfield code="a">1a ed.</subfield>
    </datafield>
    <datafield tag="260" ind1=" " ind2=" ">
      <subfield code="a">México, D.F.</subfield>
      <subfield code="b"> : Centro de Estudios sobre la Universidad, Universidad Nacional Autónoma de México</subfield>
      <subfield code="c"> , 1998</subfield>
    </datafield>
    <datafield tag="300" ind1=" " ind2=" ">
      <subfield code="a">92 p. : </subfield>
    </datafield>
    <datafield tag="440" ind1=" " ind2=" ">
      <subfield code="a">Cuadernos del CESU</subfield>
      <subfield code="v">35</subfield>
    </datafield>
    <datafield tag="490" ind1=" " ind2=" ">
      <subfield code="a">Cuadernos del CESU</subfield>
      <subfield code="v">35</subfield>
    </datafield>
    <datafield tag="650" ind1=" " ind2=" ">
      <subfield code="a"> CURRICULUM ESCOLAR</subfield>
    </datafield>
    <datafield tag="650" ind1=" " ind2=" ">
      <subfield code="a"> EVALUACION DEL PLAN DE ESTUDIOS</subfield>
    </datafield>
    <datafield tag="650" ind1=" " ind2=" ">
      <subfield code="a"> EDUCACION SUPERIOR</subfield>
    </datafield>
    <datafield tag="942" ind1=" " ind2=" ">
      <subfield code="c">BK</subfield>
    </datafield>
    <datafield tag="952" ind1=" " ind2=" ">
      <subfield code="a">BIB_RECT</subfield>
      <subfield code="b">BIB_UASJ</subfield>
      <subfield code="d">2005-08-23</subfield>
      <subfield code="y">BK</subfield>
      <subfield code="p">04-26289</subfield>
      <subfield code="i">04-26289</subfield>
      <subfield code="g">15</subfield>
      <subfield code="o">378 L333p</subfield>
      <subfield code="e">Donación México</subfield>
      <subfield code="8">CG</subfield>
    </datafield>
  </record>