
  <record>
    <leader>01000aam  22002601a 4500</leader>
    <controlfield tag="001">YPZ4429</controlfield>
    <controlfield tag="003">YPZ</controlfield>
    <controlfield tag="005">200404290000000</controlfield>
    <controlfield tag="008">040429|###########||||||b||||||||||spa|d</controlfield>
    <datafield tag="020" ind1=" " ind2=" ">
      <subfield code="a">968444298X</subfield>
    </datafield>
    <datafield tag="040" ind1=" " ind2=" ">
      <subfield code="c">SIUNPA</subfield>
    </datafield>
    <datafield tag="041" ind1=" " ind2=" ">
      <subfield code="a">spa</subfield>
    </datafield>
    <datafield tag="044" ind1=" " ind2=" ">
      <subfield code="a">MX</subfield>
    </datafield>
    <datafield tag="080" ind1=" " ind2=" ">
      <subfield code="a">53 H611f3</subfield>
    </datafield>
    <datafield tag="100" ind1=" " ind2=" ">
      <subfield code="a">Hewitt, Paul G..</subfield>
    </datafield>
    <datafield tag="245" ind1=" " ind2=" ">
      <subfield code="a">Física conceptual</subfield>
      <subfield code="b"> : tercera edición</subfield>
      <subfield code="c"> / Escalona y García, Héctor Javier, tr. ; Flores Lira, Juan Antonio, revisión técnica</subfield>
    </datafield>
    <datafield tag="250" ind1=" " ind2=" ">
      <subfield code="a">1a ed.</subfield>
    </datafield>
    <datafield tag="260" ind1=" " ind2=" ">
      <subfield code="a">México, D.F.</subfield>
      <subfield code="b"> : Addison-Wesley Longman</subfield>
      <subfield code="c"> , 1999</subfield>
    </datafield>
    <datafield tag="650" ind1=" " ind2=" ">
      <subfield code="a"> FISICA  MAGNETISMO</subfield>
    </datafield>
    <datafield tag="650" ind1=" " ind2=" ">
      <subfield code="a"> MECANICA </subfield>
    </datafield>
    <datafield tag="650" ind1=" " ind2=" ">
      <subfield code="a"> FISICA NUCLEAR</subfield>
    </datafield>
    <datafield tag="650" ind1=" " ind2=" ">
      <subfield code="a"> CALOR</subfield>
    </datafield>
    <datafield tag="650" ind1=" " ind2=" ">
      <subfield code="a"> LUZ</subfield>
    </datafield>
    <datafield tag="650" ind1=" " ind2=" ">
      <subfield code="a"> ELECTRICIDAD</subfield>
    </datafield>
    <datafield tag="942" ind1=" " ind2=" ">
      <subfield code="c">BK</subfield>
    </datafield>
    <datafield tag="952" ind1=" " ind2=" ">
      <subfield code="a">BIB_RECT</subfield>
      <subfield code="b">BIB_UACO</subfield>
      <subfield code="d">2006-12-11</subfield>
      <subfield code="y">BK</subfield>
      <subfield code="p">02-06904</subfield>
      <subfield code="i">02-06904</subfield>
      <subfield code="g">0</subfield>
      <subfield code="o">53 H611f3</subfield>
      <subfield code="e">Migración UACO</subfield>
      <subfield code="8">CG</subfield>
    </datafield>
    <datafield tag="952" ind1=" " ind2=" ">
      <subfield code="a">BIB_RECT</subfield>
      <subfield code="b">BIB_UACO</subfield>
      <subfield code="d">2006-12-11</subfield>
      <subfield code="y">BK</subfield>
      <subfield code="p">02-06905</subfield>
      <subfield code="i">02-06905</subfield>
      <subfield code="g">0</subfield>
      <subfield code="o">53 H611f3</subfield>
      <subfield code="e">Migración UACO</subfield>
      <subfield code="8">CG</subfield>
    </datafield>
    <datafield tag="952" ind1=" " ind2=" ">
      <subfield code="a">BIB_RECT</subfield>
      <subfield code="b">BIB_UACO</subfield>
      <subfield code="d">2006-12-11</subfield>
      <subfield code="y">BK</subfield>
      <subfield code="p">02-06906</subfield>
      <subfield code="i">02-06906</subfield>
      <subfield code="g">0</subfield>
      <subfield code="o">53 H611f3</subfield>
      <subfield code="e">Migración UACO</subfield>
      <subfield code="8">CG</subfield>
    </datafield>
    <datafield tag="952" ind1=" " ind2=" ">
      <subfield code="a">BIB_RECT</subfield>
      <subfield code="b">BIB_UACO</subfield>
      <subfield code="d">2006-12-11</subfield>
      <subfield code="y">BK</subfield>
      <subfield code="p">02-06907</subfield>
      <subfield code="i">02-06907</subfield>
      <subfield code="g">0</subfield>
      <subfield code="o">53 H611f3</subfield>
      <subfield code="e">Migración UACO</subfield>
      <subfield code="8">CG</subfield>
    </datafield>
    <datafield tag="952" ind1=" " ind2=" ">
      <subfield code="a">BIB_RECT</subfield>
      <subfield code="b">BIB_UACO</subfield>
      <subfield code="d">2007-06-05</subfield>
      <subfield code="y">BK</subfield>
      <subfield code="p">02-06937</subfield>
      <subfield code="i">02-06937</subfield>
      <subfield code="g">85</subfield>
      <subfield code="o">53 H611f3</subfield>
      <subfield code="e">Donación</subfield>
      <subfield code="8">CG</subfield>
    </datafield>
    <datafield tag="952" ind1=" " ind2=" ">
      <subfield code="a">BIB_RECT</subfield>
      <subfield code="b">BIB_UACO</subfield>
      <subfield code="d">2006-12-11</subfield>
      <subfield code="y">BK</subfield>
      <subfield code="p">02-06939</subfield>
      <subfield code="i">02-06939</subfield>
      <subfield code="g">0</subfield>
      <subfield code="o">53 H611f3</subfield>
      <subfield code="e">Migración UACO</subfield>
      <subfield code="8">CG</subfield>
    </datafield>
    <datafield tag="952" ind1=" " ind2=" ">
      <subfield code="a">BIB_RECT</subfield>
      <subfield code="b">BIB_UACO</subfield>
      <subfield code="d">2013-02-13</subfield>
      <subfield code="y">BK</subfield>
      <subfield code="p">02-43846</subfield>
      <subfield code="i">02-43846</subfield>
      <subfield code="g">180</subfield>
      <subfield code="o">53 H611f3</subfield>
      <subfield code="e">FOMEC/97</subfield>
      <subfield code="8">CG</subfield>
    </datafield>
    <datafield tag="952" ind1=" " ind2=" ">
      <subfield code="a">BIB_RECT</subfield>
      <subfield code="b">BIB_UACO</subfield>
      <subfield code="d">2013-02-13</subfield>
      <subfield code="y">BK</subfield>
      <subfield code="p">02-43847</subfield>
      <subfield code="i">02-43847</subfield>
      <subfield code="g">180</subfield>
      <subfield code="o">53 H611f3</subfield>
      <subfield code="e">FOMEC/97</subfield>
      <subfield code="8">CG</subfield>
    </datafield>
    <datafield tag="952" ind1=" " ind2=" ">
      <subfield code="a">BIB_RECT</subfield>
      <subfield code="b">BIB_UACO</subfield>
      <subfield code="d">2013-02-13</subfield>
      <subfield code="y">BK</subfield>
      <subfield code="p">02-43848</subfield>
      <subfield code="i">02-43848</subfield>
      <subfield code="g">180</subfield>
      <subfield code="o">53 H611f3</subfield>
      <subfield code="e">FOMEC/97</subfield>
      <subfield code="8">CG</subfield>
    </datafield>
    <datafield tag="952" ind1=" " ind2=" ">
      <subfield code="a">BIB_RECT</subfield>
      <subfield code="b">SAT_TRUN</subfield>
      <subfield code="d">2005-08-23</subfield>
      <subfield code="y">BK</subfield>
      <subfield code="p">10-06938</subfield>
      <subfield code="i">10-06938</subfield>
      <subfield code="g">98</subfield>
      <subfield code="o">53 H611f3</subfield>
      <subfield code="e">UACO</subfield>
      <subfield code="8">CG</subfield>
    </datafield>
  </record>