
  <record>
    <leader>01000aam  22002601a 4500</leader>
    <controlfield tag="001">YPZ4442</controlfield>
    <controlfield tag="003">YPZ</controlfield>
    <controlfield tag="005">200407270000000</controlfield>
    <controlfield tag="008">040727|###########||||||b||||||||||spa|d</controlfield>
    <datafield tag="020" ind1=" " ind2=" ">
      <subfield code="a">9684690444</subfield>
    </datafield>
    <datafield tag="040" ind1=" " ind2=" ">
      <subfield code="c">SIUNPA</subfield>
    </datafield>
    <datafield tag="041" ind1=" " ind2=" ">
      <subfield code="a">spa</subfield>
    </datafield>
    <datafield tag="044" ind1=" " ind2=" ">
      <subfield code="a">MX</subfield>
    </datafield>
    <datafield tag="080" ind1=" " ind2=" ">
      <subfield code="a">371.214 D542d4</subfield>
    </datafield>
    <datafield tag="100" ind1=" " ind2=" ">
      <subfield code="a">Díaz Barriga, Ángel.</subfield>
    </datafield>
    <datafield tag="245" ind1=" " ind2=" ">
      <subfield code="a">Didáctica y currículum</subfield>
      <subfield code="b"> : convergencias en los programas de estudio</subfield>
    </datafield>
    <datafield tag="250" ind1=" " ind2=" ">
      <subfield code="a">4a ed.</subfield>
    </datafield>
    <datafield tag="260" ind1=" " ind2=" ">
      <subfield code="a">México, D.F.</subfield>
      <subfield code="b"> : Nuevomar</subfield>
      <subfield code="c"> , 1986</subfield>
    </datafield>
    <datafield tag="300" ind1=" " ind2=" ">
      <subfield code="a">150 p. : </subfield>
    </datafield>
    <datafield tag="440" ind1=" " ind2=" ">
      <subfield code="a">Instrumental english</subfield>
      <subfield code="a">Schaum</subfield>
      <subfield code="a">Schaum</subfield>
      <subfield code="a">Serie AWLI</subfield>
      <subfield code="a">Serie AWLI</subfield>
      <subfield code="a">Pearson educación</subfield>
      <subfield code="a">Serie AWLI</subfield>
      <subfield code="a">Serie de compendios Schaum</subfield>
      <subfield code="a">Serie de compendios Schaum</subfield>
      <subfield code="a">Colección problemas educativos</subfield>
      <subfield code="v">1</subfield>
    </datafield>
    <datafield tag="490" ind1=" " ind2=" ">
      <subfield code="a">Instrumental english</subfield>
      <subfield code="a">Schaum</subfield>
      <subfield code="a">Schaum</subfield>
      <subfield code="a">Serie AWLI</subfield>
      <subfield code="a">Serie AWLI</subfield>
      <subfield code="a">Pearson educación</subfield>
      <subfield code="a">Serie AWLI</subfield>
      <subfield code="a">Serie de compendios Schaum</subfield>
      <subfield code="a">Serie de compendios Schaum</subfield>
      <subfield code="a">Colección problemas educativos</subfield>
      <subfield code="v">1</subfield>
    </datafield>
    <datafield tag="650" ind1=" " ind2=" ">
      <subfield code="a"> CURRICULUM ESCOLAR</subfield>
    </datafield>
    <datafield tag="650" ind1=" " ind2=" ">
      <subfield code="a"> ELABORACION DEL PLAN DE ESTUDIOS</subfield>
    </datafield>
    <datafield tag="650" ind1=" " ind2=" ">
      <subfield code="a"> EVALUACION DEL PLAN DE ESTUDIOS</subfield>
    </datafield>
    <datafield tag="942" ind1=" " ind2=" ">
      <subfield code="c">BK</subfield>
    </datafield>
    <datafield tag="952" ind1=" " ind2=" ">
      <subfield code="a">BIB_RECT</subfield>
      <subfield code="b">BIB_UACO</subfield>
      <subfield code="d">2005-08-23</subfield>
      <subfield code="y">BK</subfield>
      <subfield code="p">02-24548</subfield>
      <subfield code="i">02-24548</subfield>
      <subfield code="g">10</subfield>
      <subfield code="o">371.214 D542d4</subfield>
      <subfield code="e">Donación Nieto</subfield>
      <subfield code="8">CG</subfield>
    </datafield>
  </record>