
  <record>
    <leader>01000aam  22002601a 4500</leader>
    <controlfield tag="001">YPZ4519</controlfield>
    <controlfield tag="003">YPZ</controlfield>
    <controlfield tag="005">200407020000000</controlfield>
    <controlfield tag="008">040702|###########||||||b||||||||||spa|d</controlfield>
    <datafield tag="020" ind1=" " ind2=" ">
      <subfield code="a">968813113X</subfield>
    </datafield>
    <datafield tag="040" ind1=" " ind2=" ">
      <subfield code="c">SIUNPA</subfield>
    </datafield>
    <datafield tag="041" ind1=" " ind2=" ">
      <subfield code="a">spa</subfield>
    </datafield>
    <datafield tag="044" ind1=" " ind2=" ">
      <subfield code="a">MX</subfield>
    </datafield>
    <datafield tag="080" ind1=" " ind2=" ">
      <subfield code="a">314.74 M827p</subfield>
    </datafield>
    <datafield tag="100" ind1=" " ind2=" ">
      <subfield code="a">Mora, Yolanda de la.</subfield>
    </datafield>
    <datafield tag="245" ind1=" " ind2=" ">
      <subfield code="a">Proceso sociopsicológico de la emigración legal a los Estados Unidos</subfield>
    </datafield>
    <datafield tag="250" ind1=" " ind2=" ">
      <subfield code="a">1a ed.</subfield>
    </datafield>
    <datafield tag="260" ind1=" " ind2=" ">
      <subfield code="a">México, D.F.</subfield>
      <subfield code="b"> : Unidad Coordinadora de Polìticas, Estudios y Estadísticas del Trabajo, Secretaría del Trabajo y Previsión Social</subfield>
      <subfield code="c"> , 1983</subfield>
    </datafield>
    <datafield tag="440" ind1=" " ind2=" ">
      <subfield code="a">Colección biblioteca de la educación superior. Serie investigaciones</subfield>
      <subfield code="a">Cuadernos laborales</subfield>
      <subfield code="v">22</subfield>
    </datafield>
    <datafield tag="490" ind1=" " ind2=" ">
      <subfield code="a">Colección biblioteca de la educación superior. Serie investigaciones</subfield>
      <subfield code="a">Cuadernos laborales</subfield>
      <subfield code="v">22</subfield>
    </datafield>
    <datafield tag="500" ind1=" " ind2=" ">
      <subfield code="a">Con: La respuesta de los trabajadores en Estados Unidos frente a las propuestas gubernamentales para regular la inmigración / Silvia Bénard</subfield>
    </datafield>
    <datafield tag="650" ind1=" " ind2=" ">
      <subfield code="a"> EMIGRACION</subfield>
    </datafield>
    <datafield tag="650" ind1=" " ind2=" ">
      <subfield code="a"> MIGRACION LABORAL</subfield>
    </datafield>
    <datafield tag="650" ind1=" " ind2=" ">
      <subfield code="a"> INVESTIGACION DEMOGRAFICA</subfield>
    </datafield>
    <datafield tag="650" ind1=" " ind2=" ">
      <subfield code="a"> POLITICA MIGRATORIA</subfield>
    </datafield>
    <datafield tag="650" ind1=" " ind2=" ">
      <subfield code="a"> MEXICO</subfield>
    </datafield>
    <datafield tag="505" ind1="0" ind2="0">
      <subfield code="g">p. [179]-251 : il.</subfield>
      <subfield code="g">EMIGRACION - MIGRACION LABORAL - INVESTIGACION DEMOGRAFICA - POLITICA MIGRATORIA - MEXICO</subfield>
      <subfield code="r">Bénard, Silvia</subfield>
      <subfield code="t">La respuesta de los trabajadores en Estados Unidos frente a las propuestas gubernamentales para regular la inmigración</subfield>
    </datafield>
    <datafield tag="773" ind1="0" ind2="#">
      <subfield code="a">Bénard, Silvia</subfield>
      <subfield code="g">EMIGRACION - MIGRACION LABORAL - INVESTIGACION DEMOGRAFICA - POLITICA MIGRATORIA - MEXICO</subfield>
      <subfield code="h">p. [179]-251 : il.</subfield>
      <subfield code="t">La respuesta de los trabajadores en Estados Unidos frente a las propuestas gubernamentales para regular la inmigración</subfield>
    </datafield>
    <datafield tag="942" ind1=" " ind2=" ">
      <subfield code="c">BK</subfield>
    </datafield>
    <datafield tag="952" ind1=" " ind2=" ">
      <subfield code="a">BIB_RECT</subfield>
      <subfield code="b">BIB_UASJ</subfield>
      <subfield code="d">2005-08-23</subfield>
      <subfield code="y">BK</subfield>
      <subfield code="p">04-23920</subfield>
      <subfield code="i">04-23920</subfield>
      <subfield code="g">30</subfield>
      <subfield code="o">314.74 M827p</subfield>
      <subfield code="e">Donación México</subfield>
      <subfield code="8">CG</subfield>
    </datafield>
  </record>